4958 6458
299 1932 412 2062 luicio
447 1986 522 2061 sere
555 1985 660 2084 hujus
697 1985 829 2061 saeculi
862 1988 1022 2062 maximo
1056 1989 1137 2063 viro
1171 1987 1426 2086 Napoleone
1460 1990 1550 2065 duce
1585 2013 1696 2090 quum
1729 1987 1951 2088 Francogalli

300 2117 564 2218 expeditionem
596 2119 632 2191 in
660 2119 865 2218 Aegyptum
894 2119 1069 2208 facerent,
1102 2120 1273 2196 Rosettae
1302 2122 1357 2212 (in
1386 2121 1519 2221 oppido
1546 2121 1653 2198 hodie
1679 2119 1875 2200 Raschid
1903 2121 1950 2197 ab

298 2251 478 2328 Arabibus
506 2249 704 2350 appellato)
733 2274 805 2325 non
830 2250 957 2350 procul
975 2275 997 2327 a
1016 2251 1190 2327 Bolbitico
1211 2253 1303 2328 ostio
1324 2253 1410 2343 Nili,
1438 2252 1728 2330 Bouchardus
1748 2253 1951 2352 praefectus

298 2382 447 2459 militum
468 2383 814 2483 Francogallicorum
843 2384 929 2459 dum
957 2382 1140 2459 castellum
1168 2385 1320 2461 Sancti
1345 2385 1368 2461 J
1376 2385 1515 2461 uliani
1540 2385 1796 2462 munitionibus
1823 2385 1951 2474 firmm,
1978 2445 1981 2451 .
2095 2417 2097 2422 ·

300 2517 412 2592 mensi
438 2517 601 2615 Augusto
629 2515 712 2590 anni
737 2515 907 2592 mocclc
935 2539 955 2590 e
982 2527 1078 2590 terra
1103 2514 1256 2614 lapidem
1284 2517 1425 2616 nigrum
1452 2518 1498 2593 ad
1525 2516 1641 2592 lucem
1667 2519 1860 2616 protraxit,
1889 2519 1950 2617 qui

299 2647 392 2724 hanc
417 2648 492 2723 fere
518 2647 644 2722 babuit
670 2647 821 2722 formam
850 2645 941 2740 (vid.
966 2647 1039 2723 tab.
1058 2648 1164 2741 Vlll).
1208 2649 1289 2725 Fuit
1316 2674 1336 2724 e
1362 2649 1526 2725 basanite
1553 2651 1785 2749 aegyptiaco,
1811 2649 1949 2725 formae

301 2781 463 2869 cubicae,
491 2779 685 2855 altitudinis
703 2781 809 2855 trium
827 2780 958 2878 pedum
978 2792 1086 2879 atque
1105 2802 1171 2855 sex
1190 2779 1374 2879 pollicum,
1400 2779 1801 2880 longitudinis-duarum
1817 2779 1951 2880 pedum

299 2913 466 3012 pollicum
493 2913 635 3002 decem,
661 2936 746 3011 pars
774 2912 937 3011 superior
963 2912 1118 3012 abrupta
1143 2912 1332 3012 fragmenti
1360 2913 1514 3011 speciem
1540 2913 1717 3002 referens,
1744 2912 1950 3013 superficies

218 3133 220 3138 ,
300 3044 589 3145 inscriptionibus
616 3045 717 3120 trinis
744 3045 920 3145 insignita.
968 3044 1119 3121 Ultimus
1146 3037 1282 3120 titulus
1297 3046 1435 3144 graecis
1462 3044 1586 3121 litteris
1615 3058 1651 3122 et
1675 3069 1805 3145 graeca
1830 3045 1951 3145 lingua

300 3177 466 3253 redactus
495 3200 606 3276 quum
633 3177 803 3252 aliatum
830 3175 1048 3277 reliquarum
1073 3177 1342 3277 inscriptionum
1364 3179 1655 3278 aegyptiacarum
1675 3177 1820 3253 alteram
1840 3179 1950 3277 signis
2038 3219 2040 3222 ·
2093 3194 2094 3197 ’

300 3309 594 3409 hieroglyphicis,
628 3308 824 3385 enchoricis
858 3309 1006 3386 alteram
1038 3322 1222 3386 exaratam
1257 3333 1337 3385 esse
1364 3308 1478 3387 docet.
1532 3311 1685 3410 Magnae
1712 3334 1796 3410 spes
1824 3310 1951 3387 deinde

302 3444 488 3531 exstitere,
518 3455 554 3518 et
581 3441 778 3517 doctissimi
805 3445 976 3542 cujusque
1004 3443 1128 3551 ingens
1155 3443 1386 3542 exspectatio.
1431 3443 1572 3518 lnterim
1600 3467 1710 3543 quum
1736 3444 1764 3519 F
1765 3443 1951 3544 rancogal-

301 3575 415 3650 lorum
451 3574 526 3649 dux
560 3574 720 3650 Menon
754 3597 833 3648 cum
867 3574 1063 3674 Anglorum
1096 3576 1311 3674 imperatore
1345 3575 1674 3650 Hutchinsonio
1710 3574 1754 3650 de
1788 3574 1950 3651 dedenda

302 3707 391 3783 urbe
417 3708 567 3783 Rosetta
594 3707 699 3780 etiam
727 3707 769 3780 iis
798 3705 1061 3781 conditionibus
1088 3708 1220 3805 pacisci
1247 3719 1392 3781 coactns
1420 3719 1531 3795 esset,
1565 3719 1606 3781 ut
1629 3720 1860 3782 monumenta
1887 3732 1949 3783 an·
1972 3695 1974 3700 ¹

300 3841 400 3940 tiqua
427 3863 449 3914 a
475 3836 717 3937 Francogallis
744 3836 901 3937 undique
927 3840 963 3913 in
989 3840 1156 3938 Aegypto
1185 3836 1333 3912 collecta
1358 3836 1479 3937 Anglis
1507 3837 1741 3927 traderentur,
1767 3838 1948 3914 basanites

299 3974 516 4049 Rosettanus
550 3970 584 4044 in
618 3971 884 4069 possessionem
909 3971 1107 4070 Anglorum
1133 3971 1249 4059 venit,
1284 3971 1345 4069 qui
1379 3993 1472 4044 anno
1499 3970 1603 4069 hujus
1632 3968 1764 4045 saeculi
1790 3969 1948 4046 secundo

300 4117 567 4181 monumentum
596 4104 733 4203 insigne
761 4104 845 4181 narsi
876 4105 949 4179 the
975 4104 1254 4204 Egyptienne
1282 4101 1459 4202 appellata
1486 4101 1532 4178 ad
1557 4102 1685 4180 Albion
1714 4101 1947 4178 advexerunt.
1991 4186 1994 4192 ¹

299 4237 413 4314 Hodie
440 4235 589 4314 Londini
615 4237 649 4310 in
677 4260 803 4312 museo
829 4236 1023 4312 Brittanico
1050 4249 1267 4312 asservatur.

402 4371 448 4446 Et
474 4370 565 4444 inter
592 4370 727 4459 omnia,
756 4393 849 4470 quae
876 4368 923 4444 ad
946 4367 982 4444 id
1001 4383 1143 4469 tempus
1162 4370 1308 4470 antiqua
1327 4371 1482 4469 Aegypti
1499 4383 1594 4445 terra
1611 4367 1694 4442 tulit¹
1708 4383 1946 4458 monumenta,

299 4500 452 4601 lapidem
471 4502 707 4577 Rosettanum
728 4501 788 4578 vel
815 4502 1078 4601 inscriptionem
1106 4503 1277 4601 triplicem
1296 4503 1529 4578 Rosettanum
1556 4501 1709 4599 primum
1736 4500 1854 4576 locum
1882 4502 1963 4576 ob··

298 4637 410 4710 tinere
443 4658 516 4708 una
550 4647 605 4709 est
637 4647 673 4710 et
707 4635 931 4710 consentiens
968 4635 1123 4709 omnium
1160 4634 1347 4710 doctorum
1379 4633 1561 4709 bominum
1588 4655 1667 4707 vox
1701 4645 1737 4707 et
1764 4635 1945 4709 sententia.

299 4766 439 4842 Saeculi
474 4767 566 4842 enim
601 4766 705 4864 hujus
741 4766 787 4842 ad
819 4767 956 4842 initium
984 4791 1099 4867 usque
1128 4791 1238 4866 quum
1266 4767 1419 4869 cognitio
1446 4763 1779 4864 hieroglypborum,
1814 4765 1945 4865 quibus

298 4912 440 4976 veteres
473 4875 640 4998 Aegyptii
674 4901 708 4973 in
744 4923 846 4974 sacra
880 4897 1031 4974 dialecto
1065 4898 1253 4975 scribenda
1287 4899 1496 4987 utebantur,
1538 4896 1757 4972 densissimis
1790 4897 1945 4973 tenebris
2007 4969 2010 4976 .

299 5045 468 5122 scateret,
493 5034 544 5108 ita
572 5031 715 5131 quidem
743 5044 783 5106 ut
807 5031 883 5106 fere
907 5033 1041 5119 omnia,
1070 5055 1163 5130 quae
1182 5044 1287 5107 antea
1305 5030 1364 5109 vel
1383 5029 1609 5107 eruditissimi
1626 5029 1787 5103 homines
1804 5051 1943 5104 summo

226 5249 228 5252 ,
297 5165 428 5262 ingenii
461 5166 622 5240 acumine
658 5163 867 5264 explorasse
904 5164 973 5238 sibi
999 5165 1070 5238 visi
1104 5176 1203 5251 sunt,
1239 5164 1269 5238 si
1301 5162 1407 5238 bodie
1439 5162 1532 5237 forte
1565 5161 1715 5260 legimus
1741 5160 1852 5235 risum
1878 5163 1943 5236 vix

1320 5299 1322 5308 ·
1607 5296 1619 5349 1
