4958 6458
1329 554 1355 642 2
1445 675 1476 684 -

516 806 636 869 tenere
655 790 852 889 possimus:
878 785 947 862 hoe
965 783 1082 885 lapide
1101 781 1241 858 detecto
1259 796 1451 883 postquam
1473 785 1629 859 omnium
1649 784 1757 858 animi
1776 783 1821 858 ad
1841 807 1941 882 spem
1961 782 2170 860 enucleandi

515 923 658 1001 tandem
693 919 790 996 istud
821 931 1089 993 monstruosum
1121 929 1157 992 et
1183 915 1394 1015 perplexum
1420 939 1485 1014 per
1511 928 1566 991 tot
1593 915 1737 992 saecula
1764 917 1868 1015 quasi
1896 915 2090 991 involueris
2117 918 2169 991 in·

517 1055 724 1132 volutorum
759 1074 872 1151 genus
900 1052 1085 1149 signorum
1112 1049 1239 1124 arrecti
1267 1061 1365 1137 sunt,
1399 1071 1493 1122 unus
1521 1049 1579 1123 vir
1608 1047 1887 1148 Champollio
1915 1048 2169 1148 Francogallus

518 1188 669 1274 exstitit,
698 1185 759 1284 qui
786 1184 877 1258 mira
904 1183 1098 1281 sagacitate
1116 1178 1394 1284 ¹incredibilique
1421 1179 1539 1254 studio
1561 1178 1703 1279 adjutus
1721 1193 1834 1256 totam
1852 1180 2170 1280 hieroglyphorum

516 1321 691 1395 rationem
719 1315 816 1391 nulla
841 1315 917 1390 fere
944 1326 1046 1414 parte
1072 1313 1194 1388 relicta
1220 1312 1298 1387 luce
1324 1311 1454 1387 clarius
1474 1310 1682 1411 explanavit
1701 1326 1736 1388 et
1754 1315 1931 1413 exposuit.
1972 1314 2170 1389 damnove

518 1451 680 1526 doctrina
705 1450 741 1523 in
768 1447 883 1522 lucem
911 1459 1078 1546 suscepta
1104 1458 1175 1533 est,
1203 1455 1238 1519 et
1263 1444 1392 1533 rebus,
1420 1469 1513 1543 quae
1540 1445 1793 1543 antiquissimis
1820 1445 2042 1544 temporibus
2069 1458 2169 1521 actae

517 1595 615 1672 sunt,
643 1578 886 1680 hieroglyphis
915 1576 1066 1653 dilucide
1094 1578 1275 1675 expressis
1303 1575 1349 1652 ad
1376 1578 1650 1651 remotissimam
1679 1577 1793 1651 omnis
1822 1577 1979 1653 culturae
1998 1578 2169 1677 originem

519 1713 735 1790 adscendere
768 1710 859 1787 lieet.
911 1710 994 1786 dam
1028 1710 1273 1785 sanctissimae
1310 1706 1397 1783 deae
1424 1708 1524 1784 Isidis
1552 1707 1673 1784 velum
1707 1708 1886 1784 sublatum
1923 1722 1978 1784 est
2011 1709 2168 1809 nihilque

519 1847 655 1935 obstat,
684 1845 875 1944 quominus
904 1866 971 1917 nos
1000 1865 1175 1940 »magnae
1203 1841 1350 1915 matris«
1379 1840 1607 1938 dignissimos
1635 1840 1840 1916 sacerdotes
1867 1841 2114 1940 praebeamus.

626 1977 775 2066 Omnes,
814 1976 851 2050 in
885 1975 1017 2074 quibus
1053 1973 1098 2049 de
1130 1996 1348 2071 unaquaque
1380 1973 1487 2047 trium
1519 1973 1787 2072 inscriptionum
1821 1973 1949 2073 lapidis
1983 1975 2169 2050 Rosettani

518 2113 645 2210 agitur,
673 2107 785 2184 libros
813 2130 1021 2184 enumerare
1049 2130 1160 2205 quum
1183 2104 1331 2204 longum
1350 2127 1430 2180 esse
1449 2117 1632 2204 putemus,
1660 2105 1714 2181 his
1735 2107 1896 2196 omissis,
1924 2107 2055 2206 quibus
2074 2105 2169 2182 docti

517 2243 587 2318 viri
619 2240 664 2317 de
695 2240 798 2317 titulo
832 2263 962 2340 graeco
998 2237 1290 2339 disputaverunt,
1329 2236 1390 2312 vel
1421 2237 1485 2312 ubi
1518 2237 1736 2338 exemplaria
1767 2239 1873 2314 trium
1907 2239 2089 2314 titulorum
2122 2239 2168 2314 ad

374 2407 378 2414 ·
517 2372 623 2450 fidem
650 2372 778 2474 lapidis
804 2373 917 2472 ipsius
946 2394 1119 2470 expressa
1144 2371 1389 2458 inveniuntur,
1418 2368 1495 2444 sola
1522 2372 1654 2470 scripta
1681 2372 1851 2471 temporis
1873 2371 1996 2447 ordine
2022 2384 2167 2448 servato

517 2491 565 2582 de
590 2505 764 2582 demotica
791 2504 852 2581 vel
879 2502 1149 2604 hieroglyphice
1174 2514 1275 2601 parte
1302 2503 1337 2575 in
1366 2525 1511 2578 censum
1539 2515 1701 2579 nostrum
1727 2527 1901 2580 revocare
1928 2504 2106 2580 volumus

517 2759 708 2826 Silvestre
738 2759 781 2824 de
810 2758 919 2846 Sacy.
966 2758 1065 2823 Lettre
1094 2779 1133 2822 au
1162 2760 1282 2845 citoyeu
1312 2755 1489 2844 Chaptal‚
1519 2757 1654 2822 Ministre
1683 2757 1720 2822 de
1750 2758 1927 2835 1111111111,
1959 2782 1997 2852 11
2026 2760 2103 2846 sujet
2132 2758 2167 2822 de

677 2875 873 2962 l’inseription
897 2875 1075 2960 egyptienue
1099 2870 1139 2934 du
1162 2883 1335 2935 monument
1356 2874 1464 2936 trouve'
1487 2872 1504 2934 t
1526 2871 1658 2937 Rosettc.
1705 2871 1800 2939 Paris.
1827 2872 1927 2949 1802,
1952 2867 1999 2939 8⁰.

518 2987 722 3054 Alrcrblad.
780 2987 880 3052 Lettre
914 3008 966 3050 sur
999 2985 1194 3074 l’iuscription
1228 2987 1406 3074 egyptienne
1441 2985 1478 3050 de
1512 2986 1650 3063 Rosettc,
1693 2986 1829 3052 adressie
1864 3011 1903 3052 au
1939 2991 2057 3076 eitoyen
2092 2986 2166 3052 Silv.

680 3101 716 3168 de
739 3099 829 3190 Sacy.
876 3101 971 3166 Paris.
999 3097 1100 3176 1802,
1125 3094 1172 3166 8’.

519 3211 672 3299 [Palin].
713 3215 845 3303 Aualysc
875 3214 911 3280 dc
937 3215 1133 3301 l’insoription
1157 3237 1193 3280 en
1217 3215 1427 3303 hieroglypbes
1450 3215 1489 3281 du
1514 3230 1687 3282 monument
1711 3221 1817 3283 trouve
1841 3219 1858 3281 1
1879 3217 2014 3284 Rosette.
2060 3217 2166 3284 Dresd.

682 3329 781 3409 1804,
806 3324 854 3396 8·.
1224 3407 1225 3410 Ἴ

518 3447 566 3511 An
600 3459 729 3511 account
762 3445 798 3510 ol
827 3445 878 3512 the
904 3444 1030 3510 Rosetta
1063 3457 1149 3509 stone
1183 3443 1226 3533 by
1257 3444 1346 3510 order
1376 3459 1431 3512 etc.
1467 3445 1502 3512 ol
1528 3447 1578 3512 the
1608 3450 1723 3534 society
1750 3446 1786 3512 ol
1808 3447 2001 3535 Antiquaries
2032 3449 2067 3515 of
2089 3449 2168 3514 Lon·

680 3560 751 3627 don.
777 3557 873 3626 1811.

518 3675 593 3741 lac.
619 3674 761 3764 Balloy.
796 3674 1097 3764 Hieroglypbicorum
1121 3677 1206 3763 origo
1232 3688 1261 3740 et
1283 3689 1399 3741 natura.
1436 3675 1609 3766 Cantabrig.
1629 3674 1724 3743 1816.
1759 3677 1791 3741 ln
1814 3677 1892 3742 libro
1916 3677 2069 3766 periodico
2087 3677 2170 3744 Clas·

680 3791 750 3856 sical
773 3789 899 3855 Journal
922 3789 990 3854 Vol.
1006 3789 1086 3854 XVl.
1111 3789 1167 3855 No.
1183 3789 1306 3856 XXXll.
1330 3813 1399 3879 pag.
1418 3790 1482 3858 313
1498 3815 1581 3881 seqq.

518 3929 547 3972 v.
584 3904 896 3992 Schlicbtegroll.
943 3905 1042 3972 Uebcr
1076 3905 1123 3972 die
1157 3906 1206 3972 bei
1235 3905 1358 3972 Rosette
1392 3909 1421 3972 in
1451 3909 1608 3996 Aegypton
1644 3905 1810 3996 gelundene
1847 3907 1994 3974 dreilache
2021 3909 2168 3976 loscbrill.

679 4021 818 4086 Monacb.
846 4019 946 4098 1818,
970 4014 1018 4085 d‘.
1497 4091 1499 4096 ,

477 4159 480 4166 ’
518 4134 573 4200 Fr.
598 4134 814 4222 Giampetri.
851 4133 934 4201 Sulla
957 4136 1134 4200 inscriziono
1158 4134 1186 4199 di
1211 4136 1350 4213 11111111,
1381 4136 1483 4202 lettere
1506 4137 1533 4201 al
1557 4134 1685 4225 Signore
1708 4136 1788 4202 libb.
1813 4137 1922 4203 Enrico
1947 4137 2101 4226 Campbell
2124 4141 2171 4205 nel

464 4243 465 4246 '
681 4247 820 4330 Giornale
844 4248 987 4335 cneiclop.
1011 4247 1041 4312 di
1064 4248 1188 4336 Napoli,
1212 4251 1300 4316 Mart.
1320 4250 1415 4316 1820.
1439 4274 1469 4339 p.
1486 4250 1549 4318 291
1575 4274 1657 4340 seqq.

520 4363 584 4428 Th.
601 4363 749 4450 Young.
773 4363 1003 4452 Hieroglyphics
1020 4363 1161 4429 collected
1177 4364 1221 4452 by
1236 4365 1287 4431 the
1297 4366 1352 4454 lig.
1364 4370 1488 4455 society,
1504 4366 1642 4433 Londini.
1665 4361 1760 4446 1823,
1777 4367 1827 4434 lol.
1841 4363 1931 4450 (Tab.
1942 4366 2171 4450 XVI—XXX.)

519 4477 552 4542 F.
577 4479 614 4542 A.
641 4475 677 4543 G.
701 4476 842 4564 Spohu.
866 4479 921 4572 De
945 4478 1044 4565 lingua
1069 4491 1099 4543 et
1121 4479 1213 4544 literis
1236 4493 1368 4546 veterum
1386 4483 1606 4569 Aegyptiorum
1630 4505 1696 4577 cunr
1720 4484 1874 4572 permultis
1898 4483 2007 4549 tabulis
2029 4484 2172 4572 lithogra-

679 4590 775 4678 phicis
798 4593 897 4657 literas
913 4594 1131 4681 Aegyptiorum
1154 4608 1217 4660 tum
1240 4596 1357 4685 vulgari
1380 4609 1443 4662 tunt
1465 4597 1641 4663 sacerdotali
1664 4601 1779 4664 ratione
1802 4601 1928 4685 scriptas
1953 4598 2171 4688 explicantibus

681 4719 770 4794 atque
804 4710 1076 4803 interpretationem
1105 4708 1286 4775 Rosettanae
1320 4710 1503 4800 aliarumque
1531 4715 1758 4800 inscriptionum
1787 4725 1817 4778 et
1844 4713 1958 4799 aliquot
1988 4713 2171 4778 voluminum

679 4843 915 4909 papyraceorum
944 4826 974 4886 iu
1003 4825 1145 4911 sepulcris
1174 4805 1359 4912 repertorum
1389 4826 1603 4892 exhibentibus
1631 4826 1775 4892 accedunt
1795 4829 1986 4914 grammatica
2010 4839 2039 4891 ct
2060 4828 2173 4916 glossa·

679 4940 756 5001 rium
779 4937 995 5024 Aegyptiaeam
1019 4938 1111 5004 edidit
1134 4953 1163 5005 et
1186 4939 1317 5005 absolvit
1341 4939 1375 5005 G.
1403 4939 1564 5029 Seyffarth.
1609 4940 1682 5006 Pars
1706 4944 1810 5029 prima.
1846 4942 1926 5028 Lips.
1953 4939 2054 5018 1825,
2078 4936 2126 5007 4⁰.

438 5049 442 5056 ’
522 5048 677 5135 [Ρ1111].
722 5051 882 5118 Nouvcllos
905 5052 1080 5118 recherches
1104 5077 1157 5119 sur
1180 5055 1373 5141 l'inscription
1399 5077 1434 5120 en
1457 5056 1558 5122 lettres
1581 5059 1696 5122 sacries
1720 5056 1761 5121 du
1783 5068 1956 5122 monument
1979 5055 2015 5122 de
2037 5056 2171 5123 Rosettc.

680 5167 811 5233 Floreut.
838 5165 939 5246 1830,
963 5162 1012 5235 8'.
