4958 6458
1142 569 1167 656 5

329 799 417 873 sime
454 798 540 898 poni
578 797 727 884 scimus,
767 795 920 871 vocibus
955 796 1122 895 congruis
1157 821 1205 871 ex
1240 795 1317 872 aliis
1356 796 1645 896 inscriptionibus
1680 798 1774 873 notis
1809 812 1982 898 sequente

325 953 470 1029 semper
496 928 613 1004 littera
637 929 675 1005 F.
696 927 932 1026 (figurative)
952 926 1012 1003 vel
1040 929 1081 1004 T.
1103 928 1276 1027 (tropice)
1305 927 1481 1005 indicabo.
1537 931 1663 1006 Sermo
1691 928 1980 1029 hieroglyphicas

329 1086 439 1162 quum
466 1060 512 1137 ad
540 1059 801 1137 similitudinem
828 1060 1066 1136 semiticarum
1093 1059 1292 1159 linguarum
1321 1062 1467 1138 vocales
1495 1062 1630 1137 litteras
1660 1063 1803 1162 saepius
1830 1063 1979 1160 rejiciat:

328 1218 390 1270 eas
417 1194 588 1294 respectis
615 1191 739 1268 iisdem
766 1191 947 1267 radicibus
975 1193 1010 1266 in
1038 1193 1178 1291 coptica
1203 1192 1324 1292 lingua
1351 1195 1575 1270 conservatis
1594 1193 1679 1268 mihi
1696 1193 1880 1294 ponendas
1901 1218 1980 1270 esse

328 1328 462 1426 putavi.
502 1326 572 1404 Ubi
599 1347 688 1400 vero
717 1323 984 1423 hieroglyphice
1011 1325 1189 1422 scriptura
1213 1326 1358 1402 vocales
1385 1327 1544 1415 retinuit,
1573 1349 1634 1401 eas
1654 1326 1757 1425 signo
1777 1325 1980 1427 productio-

330 1461 383 1534 nis
419 1456 445 1532 Λ
481 1459 626 1535 munivi.
681 1454 737 1534 Ad
763 1469 985 1555 postremum
1014 1456 1221 1532 observabo
1249 1481 1306 1533 me
1335 1459 1436 1559 signa
1463 1458 1681 1558 symbolica,
1710 1459 1841 1558 qulbus
1868 1482 1980 1534 voces

327 1589 616 1690 hieroglyphicae
657 1601 697 1664 ut
734 1588 934 1664 accuratius
973 1601 1236 1688 cognoscantur
1275 1614 1341 1690 pro
1382 1579 1554 1690 cujusque
1595 1603 1722 1666 natura
1753 1591 1981 1666 determinari

329 1723 460 1812 solent,
494 1721 588 1798 unde
623 1744 666 1795 ea
701 1719 972 1796 determinativa
1006 1721 1173 1820 appelare
1207 1721 1335 1799 Gham
1343 1723 1537 1823 pollioni
1571 1722 1704 1823 placuit
1735 1722 1800 1815 (G.
1827 1747 1909 1823 pag.
1930 1726 1981 1797 70

329 1856 443 1955 seqq.)
471 1856 602 1954 quippe
631 1876 723 1952 quae
752 1865 851 1927 muta
878 1852 982 1928 nullis
1009 1853 1134 1929 litteris
1163 1857 1352 1930 transcribi
1372 1858 1513 1956 possint
1538 1856 1584 1932 ad
1608 1853 1835 1931 indicandum
1860 1853 1980 1954 aliquo

328 1987 436 2063 modo
477 1987 612 2075 lomim,
654 2009 761 2084 quem
799 1987 834 2059 in
870 1999 1040 2064 contextu
1073 1987 1271 2062 verborum
1305 2001 1498 2089 occupant,
1538 1988 1654 2064 littera
1687 1989 1730 2064 tt.
1763 1987 1980 2086 designasse.

328 2121 507 2195 Hactenus
535 2119 579 2194 de
606 2119 669 2194 via
696 2131 732 2193 et
755 2118 910 2207 ratione,
939 2143 1012 2218 qua
1037 2132 1173 2194 textum
1201 2119 1506 2220 hieroglyphicum
1526 2122 1657 2220 optime
1676 2119 1865 2195 transcribi
1884 2117 1981 2192 duxi.

356 2291 357 2294 ¹
434 2253 549 2350 Quum
582 2249 667 2325 mihi
699 2273 831 2349 magno
864 2250 899 2325 in
935 2262 1031 2325 recte
1065 2249 1284 2349 explicandis
1319 2254 1428 2351 signis
1464 2250 1742 2352 hieroglyphicis
1776 2249 1979 2349 adjumento

328 2396 449 2460 essent
482 2381 554 2456 duo
587 2379 657 2456 alia
684 2381 825 2456 decreta
853 2383 995 2456 nomine
1023 2383 1290 2480 inscriptionum
1318 2382 1532 2461 l'bilensium
1559 2383 1791 2484 pervulgata,
1827 2406 1980 2482 quorum

329 2514 478 2590 alterum
512 2514 617 2589 simul
651 2536 732 2587 cum
768 2523 869 2587 textu
906 2510 1082 2586 demotico
1116 2526 1225 2614 atque
1252 2517 1419 2591 versione
1448 2517 1657 2592 Germanica
1691 2519 1725 2591 in
1760 2515 1853 2590 libro
1887 2536 1979 2602 meo,

330 2649 391 2747 qui
424 2646 642 2721 inscribitur:
685 2643 894 2743 Sammlung
927 2643 1163 2720 demotischer
1188 2645 1383 2723 Urkunden
1417 2647 1526 2739 (Tab.
1546 2649 1588 2725 lll
1617 2662 1652 2724 et
1678 2665 1758 2749 pag.
1781 2651 1829 2722 15
1858 2647 1978 2746 seqq.)

325 2777 479 2879 publicis
501 2779 591 2876 juris
618 2777 701 2866 leci,
728 2776 825 2852 haud
852 2800 874 2852 a
901 2800 939 2851 re
967 2800 1047 2851 esse
1065 2776 1217 2866 videtur,
1245 2801 1339 2876 quae
1367 2777 1412 2853 de
1438 2777 1505 2854 illis
1535 2782 1683 2856 sentiam
1711 2781 1782 2855 huc
1807 2779 1978 2878 proferre.

291 2977 292 2980 ,
324 2913 459 2988 Notum
495 2923 550 2986 est
582 2909 671 2985 baec
704 2907 847 2985 decreta
878 2909 1003 2984 formis
1037 2909 1155 2984 incisis
1170 3015 1173 3022 Ι
1190 2910 1346 2985 maxime
1379 2935 1614 3010 personarum
1646 2911 1783 2988 lacunis
1811 2923 1979 3011 corrupta
2050 2897 2051 2900 ¹

324 3047 362 3119 in
396 3041 622 3143 expeditione
654 3042 844 3117 borussioa
878 3041 920 3115 in'
948 3042 1083 3141 pariete
1113 3042 1236 3143 templi
1262 3041 1440 3119 Pbilarum
1467 3043 1604 3119 insulae
1631 3069 1726 3143 pone
1754 3047 1872 3144 posita
1899 3068 1979 3120 esse

323 3188 478 3275 reperta.
522 3173 644 3250 Altera
663 3174 851 3274 inscriptio
871 3173 942 3264 lea
969 3198 1077 3275 quam
1106 3172 1218 3267 edidi)
1248 3199 1357 3275 quum
1385 3199 1535 3275 prorsus
1563 3176 1708 3253 easdem
1736 3177 1811 3253 lere
1838 3190 1978 3253 senten·

327 3310 395 3385 tias
423 3319 531 3407 atque
558 3305 874 3405 hleroglyphorum
902 3305 1073 3384 formulas
1096 3308 1169 3405 jam
1199 3309 1296 3407 prius
1324 3321 1472 3408 aspectu
1499 3310 1689 3410 praeberet
1716 3323 1824 3409 atque
1851 3312 1979 3387 Roset·

329 3454 433 3516 tanus
462 3439 573 3538 lapis,
610 3440 726 3514 virum
761 3439 996 3514 clarissimum
1028 3440 1232 3539 Lepsium
1267 3465 1310 3516 eo
1345 3442 1461 3531 duxit,
1496 3455 1538 3519 ut
1572 3443 1731 3518 crederet
1765 3442 1860 3518 illam
1896 3442 1979 3517 nibil

329 3573 424 3648 aliud
451 3573 631 3646 continere
657 3572 724 3646 nisi
751 3571 1066 3672 republicationem
1089 3574 1286 3671 posteriore
1305 3587 1464 3674 tempore
1482 3574 1613 3649 factam
1633 3575 1764 3650 decreti
1782 3576 1977 3661 Rosettani‚

329 3731 373 3782 eo
407 3704 524 3780 solum
558 3702 757 3778 discrimine
792 3716 831 3777 ut
863 3705 898 3777 in
936 3717 1165 3779 monumento
1198 3705 1352 3781 Philensi
1387 3729 1457 3780 una
1490 3729 1571 3780 cum
1606 3707 1810 3782 Ptolemaeo
1844 3707 1977 3803 conjux

330 3837 520 3938 Cleopatra
545 3848 640 3911 esset
666 3834 853 3934 appellata.
907 3837 953 3911 ttt
978 3835 1070 3911 hanc
1098 3834 1240 3936 quidem
1269 3839 1479 3912 sententiam
1507 3851 1590 3937 post
1616 3831 1683 3912 iter
1710 3839 1745 3911 in
1772 3839 1988 3936 Aegyptum

286 3977 288 3982 ’
329 3970 463 4045 lactum
491 3969 680 4067 Lepsios
716 3969 848 4067 scripto
875 3969 913 4044 P.
941 3968 1055 4044 fusius
1090 3970 1257 4068 exposuit
1291 3982 1327 4044 et
1361 3969 1526 4044 defendit.
1580 3969 1694 4046 Nobis
1727 3981 1845 4044 autem
1882 3993 1976 4048 com·

328 4101 536 4202 parantibus
563 4102 765 4176 versionem
799 4101 963 4177 demotici
990 4115 1111 4177 textus
1138 4101 1310 4178 Philensis
1339 4126 1419 4177 cum
1447 4103 1548 4177 trinis
1574 4102 1863 4201 inscriptionibus
1890 4101 1977 4201 lapi-

330 4233 384 4310 dis
411 4234 596 4309 Rosettani
629 4258 704 4308 rem
735 4233 931 4332 paullulum
958 4235 1059 4310 aliter
1086 4259 1125 4310 se
1152 4234 1285 4312 habere
1312 4248 1420 4336 atque
1447 4235 1526 4310 vult
1552 4237 1610 4311 vir
1637 4234 1863 4312 doctissimus
1891 4259 1978 4310 mox

329 4366 542 4444 videbimur.
595 4366 731 4441 Etenim
766 4368 796 4441 si
830 4366 973 4443 decreta
1007 4367 1124 4444 multis
1160 4367 1247 4444 locis
1282 4381 1353 4444 tam
1388 4367 1515 4444 similia
1548 4382 1738 4469 apparent,
1774 4368 1818 4444 de
1846 4369 1913 4445 bac
1938 4393 2000 4443 re·
2098 4391 2129 4426 ··

329 4501 448 4577 mirari
483 4497 697 4574 desinamus,
751 4499 905 4574 Primum
942 4501 1035 4576 enim
1063 4501 1153 4576 ordo
1180 4501 1361 4576 titulorum
1390 4525 1500 4601 quum
1527 4503 1562 4577 in
1591 4515 1743 4602 utroque
1771 4499 1914 4577 decreto
1942 4515 1977 4575 et

329 4634 526 4709 Rosettano
560 4644 595 4706 et
621 4629 774 4707 Philensi
805 4655 955 4730 prorsus
988 4633 1082 4708 idem
1110 4634 1171 4722 sit,
1210 4634 1375 4732 quamvis
1404 4633 1553 4709 alterum
1581 4657 1680 4710 anno·
1703 4658 1799 4709 nono
1827 4633 1975 4708 alterum

330 4767 505 4864 vigesimo
534 4766 648 4862 primo
674 4765 812 4863 imperii
830 4765 1022 4841 Ptolemaei
1039 4765 1234 4866 Epiphanis
1260 4765 1444 4841 redactum
1472 4767 1535 4856 sit,
1564 4765 1631 4842 boo
1658 4767 1776 4865 potius
1804 4789 1850 4839 ex
1877 4786 1975 4836 more
2045 4799 2074 4826 .·

324 4897 587 4996 Aegyptiorum
622 4895 871 4995 explicandum
905 4908 974 4986 est,
1010 4921 1082 4996 quo
1116 4896 1257 4972 decreta
1292 4910 1327 4972 et
1359 4897 1394 4971 in
1428 4898 1634 4974 universum
1662 4920 1784 4974 omnes
1811 4893 1975 4992 publicae

322 5031 575 5129 inscriptiones
597 5029 672 5127 jam
699 5030 952 5128 antiquissimis
979 5030 1200 5129 temporibus
1230 5029 1395 5105 omnibus
1422 5030 1532 5106 titulis
1550 5026 1863 5105 borilicentissimis
1881 5028 1974 5124 regis

216 5185 218 5190 ’
323 5163 579 5239 muniebantur
611 5164 724 5261 (quos
758 5163 921 5238 nimirum
955 5185 1097 5262 semper
1123 5162 1269 5238 eosdem
1297 5185 1377 5238 esse
1405 5163 1613 5262 oportebat)
1642 5182 1749 5258 quam
1777 5183 1823 5234 ex
1851 5171 1974 5233 mutua
