4958 6458
263 1279 311 1410 Ρ
315 1343 481 1430 ostquam
508 1341 624 1404 totum
652 1342 859 1406 contextum
887 1330 1193 1430 hieroglyphicum
1223 1331 1346 1408 litteris
1373 1332 1490 1407 latinis
1518 1333 1726 1432 transcripsi
1753 1333 1918 1408 versione

264 1463 374 1538 latina
407 1460 622 1536 interlineari
656 1461 793 1551 addita,
828 1487 921 1562 quae
949 1464 995 1538 sit
1021 1463 1112 1538 ratio
1140 1464 1232 1538 inter
1257 1476 1394 1562 partem
1422 1488 1551 1562 graece
1578 1464 1760 1540 redactam
1787 1463 1920 1539 decreti

265 1594 450 1670 Rosettaui
486 1605 595 1692 atque
628 1605 767 1692 partem
800 1592 1105 1694 hieroglyphicam
1140 1606 1179 1670 ut
1206 1593 1335 1670 clarius
1362 1597 1518 1695 perspici
1543 1597 1660 1695 possit
1687 1595 1918 1695 sequentibus

266 1740 454 1825 utramque
483 1725 519 1800 in
546 1748 619 1800 uno
648 1737 842 1823 conspectu
869 1725 972 1802 habe.
1026 1727 1065 1802 In
1093 1726 1224 1826 quibus
1252 1749 1398 1803 monere
1424 1728 1532 1804 velim
1560 1753 1618 1804 me
1647 1728 1767 1803 omnia
1793 1727 1918 1814 verba,

266 1882 360 1958 quae
393 1858 494 1932 uncis
537 1855 583 1951 []
624 1857 762 1932 inclusa
795 1857 974 1947 invenies,
1016 1883 1063 1934 ex
1097 1858 1239 1933 decreto
1273 1857 1426 1935 Philensi
1461 1884 1484 1935 a
1516 1885 1573 1936 mc
1606 1862 1641 1934 in
1674 1859 1790 1938 lucem
1824 1857 1918 1933 edito

267 2011 472 2089 sumpsisse
1303 2009 1305 2016 ⁸

1508 2101 1635 2182 αφήκεν
1658 2095 1695 2160 δὲ
1717 2100 1772 2159 καὶ
1793 2092 1834 2158 τὰ
1856 2090 1917 2176 ἒ[ν]

268 2205 429 2290 [liberavit]
465 2208 530 2273 Lin.
546 2207 580 2273 tt
604 2209 746 2272 sanctitas
769 2212 930 2302 sua‘regia
944 2213 974 2274 in
988 2209 1067 2275 duo·
1120 2209 1185 2274 Lin.
1203 2207 1256 2276 29.
1290 2220 1358 2286 τοϊς
1379 2207 1477 2296 λεροϊς
1499 2207 1698 2297 ὀφειλόμενα
1715 2210 1761 2286 εἷς
1775 2206 1811 2274 sd
1824 2211 1919 2291 βασι-

310 2323 368 2388 bus
391 2322 509 2387 mundis
532 2319 565 2404 (ἰ.
582 2343 608 2386 e.
625 2319 779 2410 Aegypto)
802 2326 915 2409 pariter
936 2347 954 2388 a
976 2326 1066 2388 vesti·
1164 2321 1255 2389 λικδν
1277 2327 1337 2399 ἕως
1359 2325 1416 2389 soi
1438 2321 1558 2405 δγδόου
1572 2323 1663 2401 ἔτους
1677 2324 1757 2390 ὄντα
1771 2323 1817 2398 εἰς
1831 2323 1920 2386 circo

310 2437 369 2504 bus
403 2437 536 2526 byssinis
566 2435 643 2501 datis
673 2439 752 2523 regis
781 2435 871 2502 domo
901 2459 918 2502 a
947 2438 1065 2525 templis
1164 2457 1199 2498 τε
1213 2441 1268 2500 καὶ
1282 2434 1437 2524 ἀργυρίου
1450 2439 1581 2526 πλῆθος
1596 2436 1654 2504 otu
1668 2436 1787 2518 δλϊγον,
1810 2427 1918 2500 ὡσαύ-

314 2591 350 2604 -
374 2591 410 2604 -
434 2591 470 2604 -
1166 2552 1240 2625 [τως
1263 2549 1301 2615 δὲ
1322 2549 1391 2634 ulai
1412 2555 1470 2628 τὰς
1491 2549 1584 2636 τιμὰς
1600 2551 1665 2616 τῶν
1678 2549 1722 2638 μή
1736 2547 1918 2616 συντετελε-

1164 2667 1291 2748 σμένων
1304 2664 1351 2740 εἷς
1368 2666 1404 2730 τό
1418 2663 1587 2748 βασιλικὸν
1600 2669 1761 2749 βυσσϊναν
1775 2661 1918 2747 6310th-

271 2819 307 2834 -
332 2819 368 2832 -
393 2779 473 2856 dies,
500 2793 530 2846 et
551 2781 730 2846 constitutae
753 2792 852 2844 restes
874 2779 931 2844 illis
955 2826 1064 2844 .......
1120 2777 1251 2844 maso.
1280 2801 1327 2845 ιον
1340 2784 1396 2842 καϊ
1410 2779 1474 2844 τῶν
1486 2779 1774 2864 συντετελεσμένων
1784 2776 1826 2843 τὰ
1839 2781 1918 2862 πρὸς

1163 2889 1221 2956 τὸν
1243 2891 1470 2976 δειγματισμδν
1493 2891 1641 2980 διάφορα
1658 2897 1718 2969 ἔοις
1731 2894 1797 2960 τῶν
1810 2888 1919 2957 αὐτῶν

1165 3007 1292 3092 χρόνιον
1312 3041 1358 3054 ·-
1380 3003 1541 3073 ἀπέλυσεν
1569 3008 1606 3073 δὲ
1633 3005 1674 3072 τὰ
1695 3005 1767 3094 ἱερὰ
1788 3011 1843 3072 καϊ
1863 3006 1919 3091 τής

1165 3117 1452 3208 stromensem
1480 3119 1622 3209 δυάδος
1648 3125 1686 3214 τῇ
1713 3120 1839 3208 ἄνοῦτε
1864 3120 1918 3206 τῆς

1165 3231 1254 3321 ἲερᾶς
1274 3237 1331 3322 γής
1352 3241 1408 3300 καὶ
1429 3237 1483 3323 τής
1504 3233 1714 3320 οἷμπελλτιδος
1735 3232 1877 3320 ipsoque]

268 3351 334 3416 Lin.
349 3351 394 3416 111.
538 3351 677 3417 sacellum
706 3351 818 3416 domini
846 3350 1066 3438 gubernatoris.
1120 3350 1186 3415 Lin.
1204 3349 1257 3416 ³1.
1292 3347 1329 3414 τδ
1357 3351 1512 3436 κεράμιον
1538 3353 1577 3443 τή
1603 3348 1729 3436 ἀρούρα
1754 3385 1795 3397 -
1817 3350 1863 3436 τῷ
1884 3372 1917 3414 τε

313 3466 469 3531 Praeterea
492 3465 599 3531 dandis
621 3469 657 3530 iis
682 3513 809 3532 ........
840 3464 903 3532 Cor
925 3467 989 3552 ejus
1012 3467 1068 3530 ivit
1156 3463 1254 3528 Ἀπει
1273 3469 1328 3528 καὶ
1342 3466 1386 3553 τῷ
1401 3465 1526 3533 Moerico
1544 3465 1652 3530 πολλὰ
1666 3465 1849 3552 ἐδωρήσατο
1863 3471 1918 3528 καὶ

313 3603 369 3668 pro
392 3583 502 3646 sanetis
525 3579 616 3648 rebus
639 3601 741 3645 eorum
763 3599 818 3666 per
837 3601 924 3645 omne
939 3593 1066 3667 tempus,
1164 3588 1231 3654 τοϊς
1254 3578 1366 3655 ἄλλοις
1387 3576 1485 3665 λεροϊς
1508 3579 1598 3668 ζήλοις
1618 3589 1685 3655 τοϊς
1700 3578 1916 3667 δυ’Λϊγύπτῳ,

1165 3689 1250 3756 πολὺ
1277 3703 1423 3778 κρεϊσσον
1448 3693 1513 3760 τῶν
1540 3691 1603 3780 πρὸ
1630 3689 1732 3758 αὐτοῦ
1756 3692 1919 3777 βασιλέοιν

1166 3806 1345 3892 φροντϊζοιν
1368 3805 1447 3892 ὑπὲρ
1470 3808 1534 3872 τῶν
1556 3804 1756 3893 δνήκόν[τιον
1777 3805 1834 3890 εἷς]

270 3925 352 3990 dedit
368 3927 465 3989 omnia
483 3924 550 4008 κΙίρ,
571 3923 681 4011 quibus
696 3921 871 4009 indigebant
886 3917 926 4002 (P)
943 3907 981 3985 ad
996 3942 1068 3985 son·
1121 3922 1186 3987 Lin.
1205 3921 1257 3987 32.
1293 3919 1377 3987 atat
1399 3920 1591 3999 διαπαντός·
1613 3921 1654 3985 τα’
1676 3919 1704 3986 τ’
1720 3922 1766 3997 sie
1785 3921 1844 3998 τὰς
1858 3945 1917 3985 τα-

314 4039 421 4106 dienda
444 4060 572 4125 corpora
595 4060 709 4114 eorum,
733 4059 839 4125 magna
854 4050 885 4102 et
903 4036 1066 4124 magnifica,
1166 4035 1232 4122 φὰς
1243 4032 1352 4101 αὐτῶν
1366 4035 1559 4122 καδήκοντα
1574 4035 1684 4112 διδοὺς
1699 4035 1849 4126 δαψιλῶς
1862 4043 1917 4100 καὶ

314 4153 397 4219 dedit
418 4153 538 4218 divitias
561 4153 618 4218 iliis
642 4166 672 4217 ct
695 4151 800 4217 domos
824 4151 941 4217 divinas
965 4199 1038 4218 .....
1165 4148 1309 4229 ἐνδόξως
1335 4155 1390 4214 καὶ
1418 4150 1460 4214 τὰ
1487 4149 1695 4236 τελιοκόμενα
1717 4152 1763 4227 εἰς
1783 4152 1825 4217 τὰ
1846 4151 1917 4217 ἴδια

1165 4261 1249 4350 ἱερὰ,
1277 4263 1359 4348 μετὰ
1387 4266 1515 4330 θυσιῶν
1542 4273 1596 4330 καὶ
1624 4265 1837 4353 πανηγύρεων
1863 4273 1917 4331 καὶ
1978 4345 1981 4350 ¹

1166 4379 1232 4445 τῶν
1253 4379 1364 4446 ἄλλων
1384 4380 1449 4445 τῶν
1470 4378 1724 4464 νομι[ζομδνοιν·]

1123 4496 1187 4562 Liu.
1211 4493 1264 4562 33.
1308 4490 1351 4559 τά
1377 4517 1412 4558 τε
1439 4497 1529 4579 τίμια
1557 4496 1621 4561 τῶν
1654 4492 1750 4580 ἲερῶν
1776 4501 1831 4560 καὶ
1862 4498 1917 4583 τής

1166 4609 1336 4691 Αἶγύτττου
1368 4608 1592 4696 διατετήρηκεν
1618 4609 1671 4675 διδ
1702 4610 1809 4698 χώρας
1837 4607 1916 4675 δκο-
2013 4609 2014 4612 ’

1166 4723 1299 4800 doridos
1312 4733 1380 4800 τοϊς
1393 4725 1517 4808 νόμοις,
1540 4725 1595 4789 καὶ
1608 4722 1645 4790 τὸ
1655 4722 1799 4794 temeror
1812 4723 1916 4812 ἔργοις

1165 4837 1372 4904 πολυτελέσιν
1405 4840 1635 4904 κατεσκεύασεν
1664 4839 1844 4926 χορηγήσας
1870 4840 1916 4916 εἷς

193 4965 200 4980 “
268 4956 334 5023 Lin.
350 4957 399 5023 tv.
533 4967 687 5044 argentum
710 4955 890 5022 frumentum
1165 4949 1245 5018 αὐτὸ
1266 4957 1399 5038 χρυσίου
1419 4976 1455 5017 τε
1475 4950 1544 5036 κ[αὶ
1566 4950 1711 5040 ἀργυρῆ-

268 5072 376 5150 muira,
406 5086 436 5138 et
461 5074 560 5137 omnia
584 5072 641 5136 alia
663 5070 825 5136 seeundum
849 5070 1066 5136 multitudinem
1120 5068 1184 5134 Lin.
1202 5065 1255 5133 34.
1294 5089 1333 5132 ου
1358 5074 1414 5133 καὶ
1442 5067 1550 5134 λίθων
1575 5067 1761 5134 πολυτελῶν
1786 5067 1916 5155 πλῆθος

314 5208 417 5251 eorum
444 5207 501 5274 pro
532 5185 621 5250 domo
644 5185 816 5252 nutrimenti
839 5179 872 5264 (i.
893 5207 919 5250 e.
945 5182 1066 5266 horreo)
1165 5179 1224 5247 οὐκ
1240 5179 1364 5262 δλϊγον·
1382 5187 1437 5246 καὶ
1451 5179 1523 5266 ἱερὰ
1537 5189 1592 5246 καὶ
1606 5181 1704 5257 ναοὺς
1719 5188 1774 5247 καὶ
1787 5184 1916 5267 βωμοὺς
