4958 6458
1342 559 1370 648 lt

525 794 800 897 hieroglyphicis
816 792 938 892 signis
964 787 1220 892 perlustrandis
1241 786 1285 862 de
1305 799 1458 886 utroque
1476 800 1578 864 textu
1597 788 1811 889 aegyptiaco
1832 788 2048 877 observavi,
2078 789 2178 888 spar-

527 932 594 1006 sim
619 930 655 1003 in
682 927 738 1003 his
764 926 865 1002 libris
893 925 1103 1023 consignata
1128 922 1307 997 invenies:

526 1129 558 1196 S.
598 1129 755 1216 Scriptura
768 1129 989 1218 Aegyptiorum
1011 1125 1157 1190 demotica
1179 1144 1217 1187 ex
1240 1123 1363 1210 papyris
1387 1135 1417 1186 ct
1431 1103 1676 1209 inscriptionibus
1693 1118 1983 1210 explanata'Beuol.
2003 1120 2105 1198 1848,
2129 1117 2177 1187 4⁰.

525 1244 562 1311 N.
596 1245 794 1310 Numerorum
817 1242 899 1330 apud
913 1254 1027 1307 veteres
1042 1240 1209 1327 Aegyptios
1231 1236 1446 1302 demoticorum
1462 1237 1614 1315 doctrina,
1639 1260 1705 1303 cunr
1722 1238 1750 1301 V
1765 1237 1885 1303 tabulis.
1909 1236 1984 1303 lbid.
2004 1235 2104 1313 1840,
2128 1231 2178 1302 4’.

526 1359 562 1426 U.
600 1357 907 1444 Uebereinstimmnng
935 1359 1015 1420 einer
1042 1351 1324 1439 hieroglyphischeu
1346 1351 1484 1417 luschrill
1506 1375 1567 1415 vou
1589 1352 1692 1417 Philae
1721 1354 1776 1417 mit
1798 1352 1864 1418 dem
1887 1351 2092 1440 griechischen
2116 1350 2179 1416 oud

601 1470 801 1535 demotischen
826 1469 1044 1554 Aniangstexte
1067 1467 1118 1528 des
1142 1464 1300 1528 Denhrnals
1323 1487 1383 1528 von
1406 1465 1538 1531 Rosette.
1572 1465 1648 1532 lbid.
1674 1465 1777 1544 1849,
1803 1461 1850 1532 8⁰.

526 1585 562 1649 R.
603 1584 658 1649 Die
679 1581 818 1647 luschrilt
839 1603 900 1646 von
919 1580 1057 1654 Rosette,
1081 1577 1158 1641 uach
1181 1577 1274 1641 ihrem
1297 1579 1680 1663 tigyptisch-demotischen
1696 1581 1794 1640 Teste
1817 1579 1985 1663 spraehlich
2009 1577 2071 1642 und
2094 1579 2180 1643 sach-

602 1697 659 1763 lich
684 1696 803 1761 erhl'art.
850 1693 938 1758 Tbeil
957 1694 986 1757 l:
1019 1690 1193 1778 Sammlung
1215 1689 1413 1755 demotiseher
1434 1688 1597 1756 Urhundcu
1619 1692 1674 1753 mit
1696 1689 1952 1778 gleichlautcudeu
1975 1692 2180 1779 hieroglyphi-

603 1811 693 1876 schen
716 1811 834 1875 Texteu
858 1808 901 1873 als
924 1806 1046 1873 nichste
1070 1804 1241 1892 Gruudlage
1264 1825 1319 1868 zur
1334 1803 1539 1892 Eutzifferung
1561 1803 1765 1869 derlnscbrill
1787 1827 1847 1869 von
1868 1805 2008 1882 Rosctte,
2032 1806 2180 1894 30611160-

602 1925 690 1991 theils
713 1947 782 1989 zum
805 1922 977 1989 erstenmale
1000 1918 1227 1986 verlillentlicht.
1273 1918 1330 1983 Mn
1354 1916 1395 1984 10
1411 1917 1626 2006 Kupiertaielu.
1661 1919 1736 1984 lbid.
1763 1918 1867 1997 1850,
1891 1913 1939 1985 4’.

529 2044 562 2108 l..
605 2041 649 2106 De
671 2051 779 2112 ustura
803 2050 833 2102 ct
853 2035 952 2101 indole
973 2037 1092 2123 liuguae
1114 2035 1270 2122 popularis
1293 2033 1522 2121 Aegyptiorum.
1557 2033 1632 2099 lbid.
1660 2031 1763 2110 1850,
1787 2028 1835 2100 8⁰.

637 2245 731 2320 Inter
766 2264 889 2316 omnes
924 2241 1043 2329 viros,
1084 2239 1145 2337 qui
1181 2235 1228 2313 ad
1260 2237 1298 2312 id
1331 2250 1473 2337 tempus
1509 2237 1664 2313 studium
1701 2262 1805 2314 suum
1841 2237 1888 2313 ad
1923 2236 2179 2337 explorandam

452 2451 453 2454 ,
529 2357 831 2475 hieroglyphicam
850 2373 1062 2471 scripturam
1082 2369 1321 2459 contulerunt,
1341 2395 1445 2445 nemo
1465 2383 1536 2459 est,
1555 2369 1856 2469 quemadmodum
1876 2371 1967 2461 scio,
1986 2371 2048 2470 qui
2065 2381 2179 2446 totum

528 2505 772 2607 hieroglyphis
801 2516 986 2581 exaratum
1011 2503 1152 2579 titulum
1179 2503 1418 2602 inscriptionis
1435 2503 1653 2578 Rosettanae
1678 2502 1894 2602 explicatum
1913 2516 1949 2578 et
1965 2501 2179 2578 illustratum

528 2639 706 2716 inlunem
734 2637 852 2713 edidit.
906 2637 973 2712 Vir
997 2634 1255 2711 illustrissimus
1284 2634 1579 2734 Champollio,
1615 2637 1672 2710 cui
1698 2634 1813 2710 honos
1841 2648 2034 2735 perpetuus
2062 2648 2118 2712 est
2145 2647 2180 2711 61

456 2821 463 2832 -
530 2773 597 2848 erit
615 2770 778 2845 conditor
796 2782 831 2844 61
852 2781 954 2868 pater
968 2767 1260 2867 hieroglyphicae
1277 2767 1481 2842 literaturae
1499 2767 1684 2867 appellari,
1704 2766 1863 2867 plurimis
1882 2768 1970 2843 locis
1989 2768 2180 2868 aegyptiae

530 2903 779 3003 grammatices
808 2901 887 2992 (G.)
920 2899 1085 2998 exempla
1112 2923 1132 2973 e
1158 2897 1275 2996 lapide
1302 2898 1499 2973 Rosettano
1527 2897 1716 2998 desumpta
1744 2898 1906 2990 exhibet,
1941 2925 2033 3001 quac
2061 2901 2180 2976 omnia

531 3032 651 3133 paullo
685 3031 779 3107 iufra
811 3034 847 3104 in
875 3030 1030 3106 medium
1056 3031 1291 3130 proferamus
1346 3030 1697 3130 Champollionis
1726 3031 1920 3132 discipulus
1948 3033 2056 3108 ltalus
2084 3033 2178 3110 Sal-

530 3164 675 3241 volini
701 3163 748 3239 ad
766 3163 950 3263 exemplar
966 3162 1057 3238 tituli
1075 3164 1261 3240 Rosettani
1283 3186 1389 3238 manu
1407 3165 1649 3262 praeceptoris
1669 3165 1901 3254 delineatum,
1928 3176 2041 3240 totam
2059 3167 2180 3241 inscri-

530 3300 688 3397 ptionem
717 3294 944 3394 explanatam
967 3296 1125 3372 editurus
1145 3307 1236 3384 erat,
1263 3295 1328 3370 sed
1346 3319 1444 3371 mors
1462 3311 1668 3395 prematura
1686 3298 1841 3374 auctoris
1859 3297 2062 3395 impedivit,
2090 3323 2180 3399 quo·

524 3432 648 3504 'minus
689 3432 861 3503 intentum
900 3451 994 3527 opus
1032 3427 1106 3502 suis
1146 3429 1302 3503 numeris
1325 3429 1596 3505 absolveretur.
1651 3429 1836 3507 Tredeeim
1872 3430 1965 3506 enim
1997 3455 2180 3520 versuum,

532 3562 664 3662 quibus
699 3561 881 3659 inscriptio
916 3558 1185 3660 hieroglyphica
1218 3572 1374 3651 constat,
1410 3558 1482 3636 duo
1515 3574 1652 3638 tantum
1681 3561 1903 3640 Salvolini
1927 3565 2180 3663 interpretatus

532 3707 595 3770 est.
613 3688 636 3786 ¹)
692 3693 795 3792 Quod
828 3691 875 3768 ad
909 3693 1182 3793 explicationem
1215 3716 1350 3782 meam,
1385 3717 1493 3794 quam
1528 3697 1592 3769 me'
1622 3719 1761 3770 summo
1790 3695 1907 3771 studio
1936 3698 2181 3795 composuisse

529 3826 656 3913 fateor,
683 3827 836 3923 primum
863 3850 1009 3902 monere
1027 3824 1153 3915 velim,
1180 3827 1215 3899 in
1243 3825 1374 3901 tabulis
1403 3829 1502 3927 operi
1529 3826 1675 3925 adjectis
1703 3853 1759 3904 me
1786 3829 1888 3928 signa
1915 3840 2039 3903 sancta
2065 3826 2180 3902 hiero-

530 3955 698 4056 glyphica
724 3955 809 4030 talia
835 3957 1050 4047 reddidisse,
1078 3957 1199 4056 qualia
1224 3958 1259 4032 in
1287 3957 1379 4032 libro
1406 3959 1689 4036 meolt.Tab.1
1715 3959 1888 4036 delineata
1907 3960 2180 4059 conspiciuntur.

532 4089 667 4164 Sonum
696 4085 915 4185 singularum
942 4087 1260 4183 hieroglyphorum
1287 4089 1537 4176 formularum,
1565 4115 1658 4188 quae
1683 4115 1911 4165 numerorum
1931 4090 2180 4174 0001000000-

532 4231 694 4293 catorum
722 4217 832 4315 signis
861 4229 944 4289 sunt
971 4217 1143 4303 munitae,
1169 4215 1286 4290 latinis
1313 4217 1437 4292 litteris
1465 4217 1530 4310 (ad
1558 4244 1743 4294 numerum
1763 4245 1959 4320 congruum
1978 4222 2180 4298 tabularum

531 4347 855 4447 respondentibus),
877 4346 981 4422 simul
1006 4346 1090 4421 data
1117 4347 1284 4423 versione
1308 4347 1427 4424 latinis
1453 4348 1577 4426 litteris
1603 4352 1756 4442 reddidi,
1783 4354 1833 4428 ita
1858 4353 2000 4453 quidem
2023 4367 2063 4429 ut
2080 4357 2182 4454 signa

531 4480 721 4581 phonetica
738 4479 874 4555 valoris
901 4503 997 4554 mere
1025 4478 1238 4579 alphabetici
1263 4481 1450 4573 (nimirum
1477 4480 1523 4557 ad
1550 4484 1702 4560 formam
1726 4483 1985 4586 hieroglyphici
2003 4487 2183 4587 alphabeti

532 4625 693 4710 tempore
724 4609 1009 4711 Ptolemaeorum
1049 4612 1085 4686 in
1121 4615 1359 4689 monumentis
1396 4614 1544 4690 adhibiti
1577 4616 1742 4710 redacta)
1775 4617 1900 4694 litteris
1933 4618 2051 4695 latinis
2084 4621 2182 4719 ipsis,

534 4746 637 4843 sigua
670 4754 788 4817 autem
823 4742 1000 4840 syllabica
1033 4744 1159 4820 iisdem
1188 4745 1252 4820 sed
1277 4748 1379 4822 uncis
1407 4747 1419 4839 l
1445 4748 1457 4839 )
1485 4747 1630 4823 inclusis
1658 4773 1833 4847 expressa
1860 4751 1938 4826 sint.
1993 4753 2181 4852 Hierogly-

532 4875 684 4976 phorum
710 4875 901 4972 imagines,
930 4898 1020 4974 quas
1047 4874 1107 4952 vel
1134 4876 1324 4976 figurative
1351 4879 1412 4955 vel
1439 4881 1573 4980 tropice
1595 4903 1727 4956 vocum
1755 4883 1913 4980 ipsarum
1941 4883 2020 4957 loco
2048 4886 2182 4983 saepis-

645 5149 665 5238 ¹)
691 5153 741 5222 cf.
766 5177 858 5243 supra
881 5158 918 5222 A.
