<?xml version="1.0" encoding="UTF-8"?>
<!DOCTYPE html PUBLIC "-//W3C//DTD XHTML 1.0 Transitional//EN"
    "http://www.w3.org/TR/xhtml1/DTD/xhtml1-transitional.dtd">
<html xmlns="http://www.w3.org/1999/xhtml" xml:lang="en" lang="en">
 <head>
  <title>
</title>
<meta http-equiv="Content-Type" content="text/html;charset=utf-8" />
  <meta name='ocr-system' content='tesseract 3.04.00' />
  <meta name='ocr-capabilities' content='ocr_page ocr_carea ocr_par ocr_line ocrx_word'/>
</head>
<body>
  <div class='ocr_page' id='page_1' title='image "./inscriptioroset00bruggoog_0017.png"; bbox 0 0 4958 6458; ppageno 0'>
   <div class='ocr_carea' id='block_1_1' title="bbox 1396 556 1423 645">
    <p class='ocr_par' dir='ltr' id='par_1_1' title="bbox 1396 556 1423 645">
     <span class='ocr_line' id='line_1_1' title="bbox 1396 556 1423 645; baseline 0 0"><span class='ocrx_word' id='word_1_1' title='bbox 1396 556 1423 645; x_wconf 89' lang='lat'>8</span> 
     </span>
    </p>
   </div>
   <div class='ocr_carea' id='block_1_2' title="bbox 583 783 2240 1668">
    <p class='ocr_par' dir='ltr' id='par_1_2' title="bbox 583 783 2240 1668">
     <span class='ocr_line' id='line_1_2' title="bbox 583 783 2240 890; baseline -0.004 -22"><span class='ocrx_word' id='word_1_2' title='bbox 583 804 733 890; x_wconf 87' lang='lat' dir='ltr'>excepto</span> <span class='ocrx_word' id='word_1_3' title='bbox 769 812 840 864; x_wconf 92' lang='lat' dir='ltr'>uno</span> <span class='ocrx_word' id='word_1_4' title='bbox 877 789 980 887; x_wconf 90' lang='lat' dir='ltr'>signo</span> <span class='ocrx_word' id='word_1_5' title='bbox 1017 785 1194 861; x_wconf 84' lang='lat' dir='ltr'>demotice</span> <span class='ocrx_word' id='word_1_6' title='bbox 1230 787 1350 884; x_wconf 84' lang='lat' dir='ltr'><strong>arpi:</strong></span> <span class='ocrx_word' id='word_1_7' title='bbox 1386 784 1556 883; x_wconf 92' lang='lat' dir='ltr'>templo</span> <span class='ocrx_word' id='word_1_8' title='bbox 1590 808 1707 884; x_wconf 88' lang='lat' dir='ltr'>neque</span> <span class='ocrx_word' id='word_1_9' title='bbox 1742 809 1787 859; x_wconf 81' lang='lat' dir='ltr'>ex</span> <span class='ocrx_word' id='word_1_10' title='bbox 1822 783 2092 884; x_wconf 88' lang='lat' dir='ltr'>hieroglyphico</span> <span class='ocrx_word' id='word_1_11' title='bbox 2125 797 2240 885; x_wconf 89' lang='lat' dir='ltr'>neque</span> 
     </span>
     <span class='ocr_line' id='line_1_3' title="bbox 583 917 2240 1019; baseline -0.003 -20"><span class='ocrx_word' id='word_1_12' title='bbox 583 923 760 1001; x_wconf 91' lang='lat' dir='ltr'>demotico</span> <span class='ocrx_word' id='word_1_13' title='bbox 789 920 954 1019; x_wconf 85' lang='lat' dir='ltr'>exemplo</span> <span class='ocrx_word' id='word_1_14' title='bbox 982 920 1220 1017; x_wconf 83' lang='lat' dir='ltr'>inscriptionis</span> <span class='ocrx_word' id='word_1_15' title='bbox 1250 917 1401 993; x_wconf 81' lang='lat' dir='ltr'>dilucide</span> <span class='ocrx_word' id='word_1_16' title='bbox 1428 930 1586 1015; x_wconf 87' lang='lat' dir='ltr'>apparet.</span> <span class='ocrx_word' id='word_1_17' title='bbox 1643 918 1741 1015; x_wconf 77' lang='lat' dir='ltr'>Quae</span> <span class='ocrx_word' id='word_1_18' title='bbox 1770 918 2136 1016; x_wconf 83' lang='lat' dir='ltr'>excipiunturverba</span> <span class='ocrx_word' id='word_1_19' title='bbox 2162 917 2240 1018; x_wconf 90' lang='lat' dir='ltr'>lege</span> 
     </span>
     <span class='ocr_line' id='line_1_4' title="bbox 583 1047 2239 1152; baseline -0.002 -22"><span class='ocrx_word' id='word_1_20' title='bbox 583 1055 717 1131; x_wconf 90' lang='lat' dir='ltr'>sancita</span> <span class='ocrx_word' id='word_1_21' title='bbox 745 1076 861 1152; x_wconf 89' lang='lat' dir='ltr'>usque</span> <span class='ocrx_word' id='word_1_22' title='bbox 889 1051 936 1127; x_wconf 92' lang='lat' dir='ltr'>ad</span> <span class='ocrx_word' id='word_1_23' title='bbox 959 1049 1149 1127; x_wconf 88' lang='lat' dir='ltr'>formulam</span> <span class='ocrx_word' id='word_1_24' title='bbox 1175 1054 1289 1150; x_wconf 73' lang='grc' dir='ltr'><em>ἀγαθῇ</em></span> <span class='ocrx_word' id='word_1_25' title='bbox 1311 1053 1391 1148; x_wconf 74' lang='grc' dir='ltr'>τύχῃ</span> <span class='ocrx_word' id='word_1_26' title='bbox 1417 1047 1495 1124; x_wconf 91' lang='lat' dir='ltr'>luce</span> <span class='ocrx_word' id='word_1_27' title='bbox 1523 1049 1677 1124; x_wconf 90' lang='lat' dir='ltr'>clariora</span> <span class='ocrx_word' id='word_1_28' title='bbox 1704 1062 1786 1124; x_wconf 92' lang='lat' dir='ltr'>sunt</span> <span class='ocrx_word' id='word_1_29' title='bbox 1813 1062 1848 1125; x_wconf 91' lang='lat' dir='ltr'>et</span> <span class='ocrx_word' id='word_1_30' title='bbox 1875 1050 1910 1123; x_wconf 94' lang='lat' dir='ltr'>in</span> <span class='ocrx_word' id='word_1_31' title='bbox 1932 1051 2141 1126; x_wconf 88' lang='lat' dir='ltr'>universum</span> <span class='ocrx_word' id='word_1_32' title='bbox 2160 1075 2239 1126; x_wconf 91' lang='lat' dir='ltr'>cum</span> 
     </span>
     <span class='ocr_line' id='line_1_5' title="bbox 584 1180 2239 1285; baseline -0.002 -23"><span class='ocrx_word' id='word_1_33' title='bbox 584 1187 815 1285; x_wconf 84' lang='lat' dir='ltr'>inscriptione</span> <span class='ocrx_word' id='word_1_34' title='bbox 841 1185 1039 1260; x_wconf 89' lang='lat' dir='ltr'>Rosettana</span> <span class='ocrx_word' id='word_1_35' title='bbox 1066 1184 1309 1272; x_wconf 90' lang='lat' dir='ltr'>consentiunt,</span> <span class='ocrx_word' id='word_1_36' title='bbox 1338 1205 1450 1281; x_wconf 86' lang='lat' dir='ltr'>quare</span> <span class='ocrx_word' id='word_1_37' title='bbox 1478 1180 1564 1280; x_wconf 88' lang='lat' dir='ltr'>quid</span> <span class='ocrx_word' id='word_1_38' title='bbox 1592 1180 1637 1256; x_wconf 91' lang='lat' dir='ltr'>de</span> <span class='ocrx_word' id='word_1_39' title='bbox 1664 1181 1708 1255; x_wconf 89' lang='lat' dir='ltr'>iis</span> <span class='ocrx_word' id='word_1_40' title='bbox 1736 1180 1851 1255; x_wconf 91' lang='lat' dir='ltr'>dicam</span> <span class='ocrx_word' id='word_1_41' title='bbox 1879 1205 1951 1256; x_wconf 92' lang='lat' dir='ltr'>non</span> <span class='ocrx_word' id='word_1_42' title='bbox 1978 1181 2105 1258; x_wconf 89' lang='lat' dir='ltr'>babeo.</span> <span class='ocrx_word' id='word_1_43' title='bbox 2159 1184 2239 1259; x_wconf 93' lang='lat' dir='ltr'>Non</span> 
     </span>
     <span class='ocr_line' id='line_1_6' title="bbox 583 1311 2239 1416; baseline -0.001 -22"><span class='ocrx_word' id='word_1_44' title='bbox 583 1321 699 1395; x_wconf 90' lang='lat' dir='ltr'>minus</span> <span class='ocrx_word' id='word_1_45' title='bbox 734 1319 768 1392; x_wconf 93' lang='lat' dir='ltr'>in</span> <span class='ocrx_word' id='word_1_46' title='bbox 804 1312 962 1416; x_wconf 84' lang='lat' dir='ltr'>utraque</span> <span class='ocrx_word' id='word_1_47' title='bbox 989 1316 1219 1415; x_wconf 83' lang='lat' dir='ltr'>inscriptione</span> <span class='ocrx_word' id='word_1_48' title='bbox 1250 1337 1400 1414; x_wconf 78' lang='lat' dir='ltr'>passuS,</span> <span class='ocrx_word' id='word_1_49' title='bbox 1437 1338 1543 1412; x_wconf 90' lang='lat' dir='ltr'>quem</span> <span class='ocrx_word' id='word_1_50' title='bbox 1570 1326 1654 1412; x_wconf 93' lang='lat' dir='ltr'>post</span> <span class='ocrx_word' id='word_1_51' title='bbox 1681 1311 1871 1388; x_wconf 86' lang='lat' dir='ltr'>formulam</span> <span class='ocrx_word' id='word_1_52' title='bbox 1898 1317 2012 1414; x_wconf 74' lang='grc' dir='ltr'><strong><em>ἀγαθῇ</em></strong></span> <span class='ocrx_word' id='word_1_53' title='bbox 2033 1323 2112 1414; x_wconf 78' lang='grc' dir='ltr'><strong><em>τύχῃ</em></strong></span> <span class='ocrx_word' id='word_1_54' title='bbox 2138 1319 2239 1416; x_wconf 91' lang='lat' dir='ltr'>sequi</span> 
     </span>
     <span class='ocr_line' id='line_1_7' title="bbox 583 1445 2239 1548; baseline -0.003 -21"><span class='ocrx_word' id='word_1_55' title='bbox 583 1450 765 1540; x_wconf 89' lang='lat' dir='ltr'>videmus,</span> <span class='ocrx_word' id='word_1_56' title='bbox 794 1450 988 1548; x_wconf 84' lang='lat' dir='ltr'>discrepat,</span> <span class='ocrx_word' id='word_1_57' title='bbox 1016 1450 1148 1548; x_wconf 89' lang='lat' dir='ltr'>quippe</span> <span class='ocrx_word' id='word_1_58' title='bbox 1176 1449 1239 1548; x_wconf 90' lang='lat' dir='ltr'>qui</span> <span class='ocrx_word' id='word_1_59' title='bbox 1266 1448 1311 1522; x_wconf 88' lang='lat' dir='ltr'>sit</span> <span class='ocrx_word' id='word_1_60' title='bbox 1330 1446 1375 1522; x_wconf 88' lang='lat' dir='ltr'>ad</span> <span class='ocrx_word' id='word_1_61' title='bbox 1395 1445 1657 1522; x_wconf 91' lang='lat' dir='ltr'>similitudinem</span> <span class='ocrx_word' id='word_1_62' title='bbox 1675 1445 1909 1521; x_wconf 88' lang='lat' dir='ltr'>formularum</span> <span class='ocrx_word' id='word_1_63' title='bbox 1926 1469 2026 1522; x_wconf 88' lang='lat' dir='ltr'>more</span> <span class='ocrx_word' id='word_1_64' title='bbox 2043 1448 2239 1547; x_wconf 82' lang='lat' dir='ltr'>Aegyptio-</span> 
     </span>
     <span class='ocr_line' id='line_1_8' title="bbox 583 1577 2238 1668; baseline -0.002 -9"><span class='ocrx_word' id='word_1_65' title='bbox 583 1609 663 1659; x_wconf 90' lang='lat' dir='ltr'>rum</span> <span class='ocrx_word' id='word_1_66' title='bbox 699 1584 937 1658; x_wconf 86' lang='lat' dir='ltr'>iustitutarum</span> <span class='ocrx_word' id='word_1_67' title='bbox 970 1580 1147 1658; x_wconf 90' lang='lat' dir='ltr'>redactus.</span> <span class='ocrx_word' id='word_1_68' title='bbox 1202 1581 1280 1654; x_wconf 89' lang='lat' dir='ltr'>Hoc</span> <span class='ocrx_word' id='word_1_69' title='bbox 1314 1592 1437 1654; x_wconf 84' lang='lat' dir='ltr'>autem·</span> <span class='ocrx_word' id='word_1_70' title='bbox 1467 1577 1667 1654; x_wconf 85' lang='lat' dir='ltr'>declaratur</span> <span class='ocrx_word' id='word_1_71' title='bbox 1700 1578 1856 1654; x_wconf 91' lang='lat' dir='ltr'>honores</span> <span class='ocrx_word' id='word_1_72' title='bbox 1891 1578 2043 1654; x_wconf 92' lang='lat' dir='ltr'>duorum</span> <span class='ocrx_word' id='word_1_73' title='bbox 2079 1579 2238 1668; x_wconf 88' lang='lat' dir='ltr'>deorum,</span> 
     </span>
    </p>
   </div>
   <div class='ocr_carea' id='block_1_3' title="bbox 585 1711 2365 1815">
    <p class='ocr_par' dir='ltr' id='par_1_3' title="bbox 585 1711 2365 1815">
     <span class='ocr_line' id='line_1_9' title="bbox 585 1711 2365 1815; baseline -0.003 -22"><span class='ocrx_word' id='word_1_74' title='bbox 585 1742 644 1806; x_wconf 92' lang='lat' dir='ltr'>ea,</span> <span class='ocrx_word' id='word_1_75' title='bbox 673 1740 746 1815; x_wconf 90' lang='lat' dir='ltr'>qua</span> <span class='ocrx_word' id='word_1_76' title='bbox 773 1712 1020 1790; x_wconf 91' lang='lat' dir='ltr'>sacerdotibus</span> <span class='ocrx_word' id='word_1_77' title='bbox 1038 1713 1195 1812; x_wconf 82' lang='lat' dir='ltr'>Aegypti</span> <span class='ocrx_word' id='word_1_78' title='bbox 1221 1711 1436 1811; x_wconf 88' lang='lat' dir='ltr'>templorum</span> <span class='ocrx_word' id='word_1_79' title='bbox 1454 1712 1573 1787; x_wconf 90' lang='lat' dir='ltr'>visum</span> <span class='ocrx_word' id='word_1_80' title='bbox 1602 1711 1648 1786; x_wconf 93' lang='lat' dir='ltr'>sit</span> <span class='ocrx_word' id='word_1_81' title='bbox 1672 1711 1828 1800; x_wconf 92' lang='lat' dir='ltr'>ratione,</span> <span class='ocrx_word' id='word_1_82' title='bbox 1857 1735 1966 1811; x_wconf 85' lang='lat' dir='ltr'>quam</span> <span class='ocrx_word' id='word_1_83' title='bbox 1985 1713 2139 1787; x_wconf 86' lang='lat' dir='ltr'>maxime</span> <span class='ocrx_word' id='word_1_84' title='bbox 2158 1735 2240 1788; x_wconf 88' lang='lat' dir='ltr'>esse</span> <span class='ocrx_word' id='word_1_85' title='bbox 2364 1725 2365 1728; x_wconf 76' lang='grc'>’</span> 
     </span>
    </p>
   </div>
   <div class='ocr_carea' id='block_1_4' title="bbox 479 1842 2242 5251">
    <p class='ocr_par' dir='ltr' id='par_1_4' title="bbox 516 1842 2242 3003">
     <span class='ocr_line' id='line_1_10' title="bbox 586 1842 2238 1949; baseline -0.003 -25"><span class='ocrx_word' id='word_1_86' title='bbox 586 1848 780 1949; x_wconf 91' lang='lat' dir='ltr'>augendos.</span> <span class='ocrx_word' id='word_1_87' title='bbox 822 1842 871 1922; x_wconf 86' lang='lat' dir='ltr'>¹ln</span> <span class='ocrx_word' id='word_1_88' title='bbox 906 1857 1018 1921; x_wconf 84' lang='lat' dir='ltr'>textu</span> <span class='ocrx_word' id='word_1_89' title='bbox 1042 1845 1218 1921; x_wconf 83' lang='lat' dir='ltr'>demotice</span> <span class='ocrx_word' id='word_1_90' title='bbox 1251 1845 1436 1944; x_wconf 91' lang='lat' dir='ltr'>utriusque</span> <span class='ocrx_word' id='word_1_91' title='bbox 1462 1843 1700 1942; x_wconf 87' lang='lat' dir='ltr'>inscriptionis</span> <span class='ocrx_word' id='word_1_92' title='bbox 1729 1845 1928 1942; x_wconf 86' lang='lat' dir='ltr'>conjunctio</span> <span class='ocrx_word' id='word_1_93' title='bbox 1955 1844 2069 1933; x_wconf 83' lang='grc' dir='ltr'>ΝΤΔ,</span> <span class='ocrx_word' id='word_1_94' title='bbox 2102 1845 2238 1943; x_wconf 91' lang='lat' dir='ltr'>coptice</span> 
     </span>
     <span class='ocr_line' id='line_1_11' title="bbox 577 1975 2242 2085; baseline -0.004 -27"><span class='ocrx_word' id='word_1_95' title='bbox 577 1987 662 2085; x_wconf 71' lang='grc' dir='ltr'>ἰἰτ,</span> <span class='ocrx_word' id='word_1_96' title='bbox 695 1985 798 2082; x_wconf 70' lang='grc' dir='ltr'>ἤτε,</span> <span class='ocrx_word' id='word_1_97' title='bbox 833 1992 895 2068; x_wconf 92' lang='lat' dir='ltr'>ut,</span> <span class='ocrx_word' id='word_1_98' title='bbox 939 1980 1058 2054; x_wconf 91' lang='lat' dir='ltr'>omnia</span> <span class='ocrx_word' id='word_1_99' title='bbox 1091 1979 1207 2054; x_wconf 90' lang='lat' dir='ltr'>verba</span> <span class='ocrx_word' id='word_1_100' title='bbox 1239 1975 1436 2076; x_wconf 83' lang='lat' dir='ltr'>praecedit,</span> <span class='ocrx_word' id='word_1_101' title='bbox 1476 1999 1569 2075; x_wconf 88' lang='lat' dir='ltr'>quae</span> <span class='ocrx_word' id='word_1_102' title='bbox 1603 1999 1738 2052; x_wconf 83' lang='lat' dir='ltr'>novam</span> <span class='ocrx_word' id='word_1_103' title='bbox 1772 1975 1909 2051; x_wconf 91' lang='lat' dir='ltr'>colendi</span> <span class='ocrx_word' id='word_1_104' title='bbox 1946 1975 2033 2051; x_wconf 91' lang='lat' dir='ltr'>deos</span> <span class='ocrx_word' id='word_1_105' title='bbox 2067 1987 2242 2053; x_wconf 88' lang='lat' dir='ltr'>statutum</span> 
     </span>
     <span class='ocr_line' id='line_1_12' title="bbox 585 2103 2238 2209; baseline -0.002 -21"><span class='ocrx_word' id='word_1_106' title='bbox 585 2113 750 2190; x_wconf 84' lang='lat' dir='ltr'>indicant</span> <span class='ocrx_word' id='word_1_107' title='bbox 804 2111 842 2186; x_wconf 91' lang='lat' dir='ltr'>ln</span> <span class='ocrx_word' id='word_1_108' title='bbox 878 2122 1048 2185; x_wconf 82' lang='lat' dir='ltr'>contextu</span> <span class='ocrx_word' id='word_1_109' title='bbox 1084 2108 1353 2209; x_wconf 89' lang='lat' dir='ltr'>hieroglyphico</span> <span class='ocrx_word' id='word_1_110' title='bbox 1388 2103 1469 2182; x_wconf 90' lang='lat' dir='ltr'>loco</span> <span class='ocrx_word' id='word_1_111' title='bbox 1504 2108 1759 2206; x_wconf 86' lang='lat' dir='ltr'>conjunctionis</span> <span class='ocrx_word' id='word_1_112' title='bbox 1792 2108 1901 2183; x_wconf 92' lang='lat' dir='ltr'>modo</span> <span class='ocrx_word' id='word_1_113' title='bbox 1936 2109 2137 2184; x_wconf 88' lang='lat' dir='ltr'>nominatae</span> <span class='ocrx_word' id='word_1_114' title='bbox 2170 2109 2238 2184; x_wconf 86' lang='lat' dir='ltr'>alia</span> 
     </span>
     <span class='ocr_line' id='line_1_13' title="bbox 585 2239 2237 2340; baseline -0.003 -19"><span class='ocrx_word' id='word_1_115' title='bbox 585 2244 741 2321; x_wconf 87' lang='lat' dir='ltr'>formula</span> <span class='ocrx_word' id='word_1_116' title='bbox 767 2243 836 2318; x_wconf 91' lang='lat' dir='ltr'>boc</span> <span class='ocrx_word' id='word_1_117' title='bbox 863 2242 956 2318; x_wconf 92' lang='lat' dir='ltr'>idem</span> <span class='ocrx_word' id='word_1_118' title='bbox 984 2241 1171 2318; x_wconf 88' lang='lat' dir='ltr'>indicando</span> <span class='ocrx_word' id='word_1_119' title='bbox 1199 2242 1367 2330; x_wconf 85' lang='lat' dir='ltr'>inservit,</span> <span class='ocrx_word' id='word_1_120' title='bbox 1399 2264 1492 2340; x_wconf 88' lang='lat' dir='ltr'>quae</span> <span class='ocrx_word' id='word_1_121' title='bbox 1519 2239 1632 2315; x_wconf 85' lang='lat' dir='ltr'>Philis·</span> <span class='ocrx_word' id='word_1_122' title='bbox 1653 2265 1716 2315; x_wconf 94' lang='lat' dir='ltr'>em</span> <span class='ocrx_word' id='word_1_123' title='bbox 1742 2239 1841 2315; x_wconf 80' lang='lat' dir='ltr'>tdtd</span> <span class='ocrx_word' id='word_1_124' title='bbox 1867 2241 1927 2331; x_wconf 89' lang='lat' dir='ltr'>D.,</span> <span class='ocrx_word' id='word_1_125' title='bbox 1960 2240 2139 2340; x_wconf 80' lang='lat' dir='ltr'>inlepide</span> <span class='ocrx_word' id='word_1_126' title='bbox 2165 2242 2237 2317; x_wconf 91' lang='lat' dir='ltr'>Ro-</span> 
     </span>
     <span class='ocr_line' id='line_1_14' title="bbox 587 2371 2237 2472; baseline -0.004 -19"><span class='ocrx_word' id='word_1_127' title='bbox 587 2391 728 2454; x_wconf 91' lang='lat' dir='ltr'>settano</span> <span class='ocrx_word' id='word_1_128' title='bbox 757 2400 818 2451; x_wconf 94' lang='lat' dir='ltr'>em</span> <span class='ocrx_word' id='word_1_129' title='bbox 845 2375 946 2450; x_wconf 81' lang='lat' dir='ltr'>utut</span> <span class='ocrx_word' id='word_1_130' title='bbox 973 2373 1148 2449; x_wconf 89' lang='lat' dir='ltr'>delineata</span> <span class='ocrx_word' id='word_1_131' title='bbox 1175 2373 1399 2472; x_wconf 87' lang='lat' dir='ltr'>conspicitur.</span> <span class='ocrx_word' id='word_1_132' title='bbox 1444 2373 1497 2448; x_wconf 92' lang='lat' dir='ltr'>De</span> <span class='ocrx_word' id='word_1_133' title='bbox 1524 2373 1564 2448; x_wconf 79' lang='lat' dir='ltr'>vi</span> <span class='ocrx_word' id='word_1_134' title='bbox 1589 2371 1716 2448; x_wconf 89' lang='lat' dir='ltr'>harum</span> <span class='ocrx_word' id='word_1_135' title='bbox 1743 2397 1875 2449; x_wconf 88' lang='lat' dir='ltr'>vocum</span> <span class='ocrx_word' id='word_1_136' title='bbox 1903 2372 1987 2450; x_wconf 85' lang='lat' dir='ltr'>vide</span> <span class='ocrx_word' id='word_1_137' title='bbox 2013 2373 2237 2472; x_wconf 89' lang='lat' dir='ltr'>glossarium.</span> 
     </span>
     <span class='ocr_line' id='line_1_15' title="bbox 516 2504 2237 2609; baseline -0.001 -25"><span class='ocrx_word' id='word_1_138' title='bbox 516 2558 517 2562; x_wconf 57' lang='lat'><em>=</em></span> <span class='ocrx_word' id='word_1_139' title='bbox 587 2511 654 2609; x_wconf 77' lang='lat' dir='ltr'>Qui</span> <span class='ocrx_word' id='word_1_140' title='bbox 679 2507 831 2608; x_wconf 89' lang='lat' dir='ltr'>posthac</span> <span class='ocrx_word' id='word_1_141' title='bbox 857 2505 964 2581; x_wconf 89' lang='lat' dir='ltr'>Philis</span> <span class='ocrx_word' id='word_1_142' title='bbox 991 2507 1127 2605; x_wconf 92' lang='lat' dir='ltr'>primus</span> <span class='ocrx_word' id='word_1_143' title='bbox 1156 2506 1317 2604; x_wconf 91' lang='lat' dir='ltr'>sequitur</span> <span class='ocrx_word' id='word_1_144' title='bbox 1342 2504 1464 2579; x_wconf 91' lang='lat' dir='ltr'>honos·</span> <span class='ocrx_word' id='word_1_145' title='bbox 1487 2528 1557 2579; x_wconf 91' lang='lat' dir='ltr'>non</span> <span class='ocrx_word' id='word_1_146' title='bbox 1586 2505 1630 2580; x_wconf 96' lang='lat' dir='ltr'>ad</span> <span class='ocrx_word' id='word_1_147' title='bbox 1656 2504 1915 2594; x_wconf 89' lang='lat' dir='ltr'>Ptolemaeum,</span> <span class='ocrx_word' id='word_1_148' title='bbox 1942 2518 1981 2580; x_wconf 90' lang='lat' dir='ltr'>ut</span> <span class='ocrx_word' id='word_1_149' title='bbox 2008 2530 2119 2605; x_wconf 77' lang='lat' dir='ltr'>(prum</span> <span class='ocrx_word' id='word_1_150' title='bbox 2146 2531 2237 2582; x_wconf 91' lang='lat' dir='ltr'>sem-</span> 
     </span>
     <span class='ocr_line' id='line_1_16' title="bbox 542 2636 2241 2741; baseline -0.001 -24"><span class='ocrx_word' id='word_1_151' title='bbox 542 2653 543 2658; x_wconf 77' lang='grc'>’</span> <span class='ocrx_word' id='word_1_152' title='bbox 585 2665 650 2741; x_wconf 91' lang='lat' dir='ltr'>per</span> <span class='ocrx_word' id='word_1_153' title='bbox 681 2654 761 2725; x_wconf 87' lang='lat' dir='ltr'>tum</span> <span class='ocrx_word' id='word_1_154' title='bbox 794 2639 864 2714; x_wconf 92' lang='lat' dir='ltr'>hoc</span> <span class='ocrx_word' id='word_1_155' title='bbox 897 2638 978 2713; x_wconf 91' lang='lat' dir='ltr'>loco</span> <span class='ocrx_word' id='word_1_156' title='bbox 1009 2639 1045 2713; x_wconf 95' lang='lat' dir='ltr'>in</span> <span class='ocrx_word' id='word_1_157' title='bbox 1071 2636 1189 2736; x_wconf 91' lang='lat' dir='ltr'>lapide</span> <span class='ocrx_word' id='word_1_158' title='bbox 1216 2637 1414 2713; x_wconf 87' lang='lat' dir='ltr'>Rosettano</span> <span class='ocrx_word' id='word_1_159' title='bbox 1443 2637 1575 2736; x_wconf 89' lang='lat' dir='ltr'>quippe</span> <span class='ocrx_word' id='word_1_160' title='bbox 1603 2639 1661 2712; x_wconf 92' lang='lat' dir='ltr'>cui</span> <span class='ocrx_word' id='word_1_161' title='bbox 1686 2637 1755 2713; x_wconf 92' lang='lat' dir='ltr'>boc</span> <span class='ocrx_word' id='word_1_162' title='bbox 1783 2637 1963 2714; x_wconf 92' lang='lat' dir='ltr'>decretum</span> <span class='ocrx_word' id='word_1_163' title='bbox 1991 2663 2061 2714; x_wconf 93' lang='lat' dir='ltr'>non</span> <span class='ocrx_word' id='word_1_164' title='bbox 2090 2641 2241 2739; x_wconf 86' lang='lat' dir='ltr'>attingit,</span> 
     </span>
     <span class='ocr_line' id='line_1_17' title="bbox 587 2768 2238 2869; baseline -0.001 -22"><span class='ocrx_word' id='word_1_165' title='bbox 587 2772 652 2849; x_wconf 88' lang='lat' dir='ltr'>sed</span> <span class='ocrx_word' id='word_1_166' title='bbox 679 2772 726 2848; x_wconf 92' lang='lat' dir='ltr'>ad</span> <span class='ocrx_word' id='word_1_167' title='bbox 745 2771 971 2869; x_wconf 84' lang='lat' dir='ltr'>Cleopatram</span> <span class='ocrx_word' id='word_1_168' title='bbox 998 2770 1158 2868; x_wconf 84' lang='lat' dir='ltr'>reginam</span> <span class='ocrx_word' id='word_1_169' title='bbox 1185 2791 1225 2843; x_wconf 92' lang='lat' dir='ltr'>se</span> <span class='ocrx_word' id='word_1_170' title='bbox 1250 2769 1377 2857; x_wconf 88' lang='lat' dir='ltr'>refert,</span> <span class='ocrx_word' id='word_1_171' title='bbox 1406 2771 1505 2868; x_wconf 87' lang='lat' dir='ltr'>cujus</span> <span class='ocrx_word' id='word_1_172' title='bbox 1533 2793 1661 2844; x_wconf 91' lang='lat' dir='ltr'>nomen</span> <span class='ocrx_word' id='word_1_173' title='bbox 1689 2783 1725 2844; x_wconf 91' lang='lat' dir='ltr'>et</span> <span class='ocrx_word' id='word_1_174' title='bbox 1750 2768 2028 2869; x_wconf 88' lang='lat' dir='ltr'>hieroglyphicis</span> <span class='ocrx_word' id='word_1_175' title='bbox 2056 2784 2091 2846; x_wconf 98' lang='lat' dir='ltr'>et</span> <span class='ocrx_word' id='word_1_176' title='bbox 2117 2771 2238 2847; x_wconf 89' lang='lat' dir='ltr'>demo-</span> 
     </span>
     <span class='ocr_line' id='line_1_18' title="bbox 588 2899 2238 3003; baseline 0.001 -26"><span class='ocrx_word' id='word_1_177' title='bbox 588 2904 668 2979; x_wconf 92' lang='lat' dir='ltr'>ticis</span> <span class='ocrx_word' id='word_1_178' title='bbox 698 2902 808 3001; x_wconf 87' lang='lat' dir='ltr'>signis</span> <span class='ocrx_word' id='word_1_179' title='bbox 837 2914 1025 2976; x_wconf 88' lang='lat' dir='ltr'>exaratum</span> <span class='ocrx_word' id='word_1_180' title='bbox 1052 2899 1169 2975; x_wconf 90' lang='lat' dir='ltr'>adhuc</span> <span class='ocrx_word' id='word_1_181' title='bbox 1195 2913 1315 2974; x_wconf 85' lang='lat' dir='ltr'>restat</span> <span class='ocrx_word' id='word_1_182' title='bbox 1360 2901 1484 2999; x_wconf 92' lang='lat' dir='ltr'>ltaque</span> <span class='ocrx_word' id='word_1_183' title='bbox 1509 2900 1672 2976; x_wconf 87' lang='lat' dir='ltr'>formulis</span> <span class='ocrx_word' id='word_1_184' title='bbox 1694 2900 1883 2979; x_wconf 90' lang='lat' dir='ltr'>demoticis</span> <span class='ocrx_word' id='word_1_185' title='bbox 1911 2916 1945 2978; x_wconf 94' lang='lat' dir='ltr'>et</span> <span class='ocrx_word' id='word_1_186' title='bbox 1963 2902 2238 3003; x_wconf 88' lang='lat' dir='ltr'>hieroglyphicis</span> 
     </span>
    </p>

    <p class='ocr_par' dir='ltr' id='par_1_5' title="bbox 479 3032 2241 5251">
     <span class='ocr_line' id='line_1_19' title="bbox 588 3032 2239 3134; baseline 0.002 -25"><span class='ocrx_word' id='word_1_187' title='bbox 588 3059 627 3109; x_wconf 91' lang='lat' dir='ltr'>se</span> <span class='ocrx_word' id='word_1_188' title='bbox 656 3033 903 3133; x_wconf 87' lang='lat' dir='ltr'>supplentibus</span> <span class='ocrx_word' id='word_1_189' title='bbox 925 3034 989 3108; x_wconf 88' lang='lat' dir='ltr'>vix</span> <span class='ocrx_word' id='word_1_190' title='bbox 1016 3033 1059 3106; x_wconf 61' lang='lat' dir='ltr'>in,</span> <span class='ocrx_word' id='word_1_191' title='bbox 1083 3032 1338 3107; x_wconf 88' lang='lat' dir='ltr'>dubitationem</span> <span class='ocrx_word' id='word_1_192' title='bbox 1360 3034 1483 3134; x_wconf 82' lang='lat' dir='ltr'>vocari</span> <span class='ocrx_word' id='word_1_193' title='bbox 1508 3045 1645 3133; x_wconf 90' lang='lat' dir='ltr'>potest,</span> <span class='ocrx_word' id='word_1_194' title='bbox 1673 3035 1758 3133; x_wconf 91' lang='lat' dir='ltr'>quin</span> <span class='ocrx_word' id='word_1_195' title='bbox 1785 3047 1973 3110; x_wconf 87' lang='lat' dir='ltr'>contextus</span> <span class='ocrx_word' id='word_1_196' title='bbox 1998 3037 2032 3110; x_wconf 95' lang='lat' dir='ltr'>in</span> <span class='ocrx_word' id='word_1_197' title='bbox 2054 3035 2148 3112; x_wconf 91' lang='lat' dir='ltr'>bunc</span> <span class='ocrx_word' id='word_1_198' title='bbox 2165 3037 2239 3112; x_wconf 89' lang='lat' dir='ltr'>fere</span> 
     </span>
     <span class='ocr_line' id='line_1_20' title="bbox 479 3137 2238 3266; baseline 0.002 -24"><span class='ocrx_word' id='word_1_199' title='bbox 479 3137 482 3142; x_wconf 27' lang='lat'>⁵</span> <span class='ocrx_word' id='word_1_200' title='bbox 586 3155 734 3242; x_wconf 91' lang='lat' dir='ltr'>modum</span> <span class='ocrx_word' id='word_1_201' title='bbox 762 3165 868 3240; x_wconf 88' lang='lat' dir='ltr'>fuerit</span> <span class='ocrx_word' id='word_1_202' title='bbox 896 3178 1083 3241; x_wconf 87' lang='lat' dir='ltr'>exaratus:</span> <span class='ocrx_word' id='word_1_203' title='bbox 1113 3164 1360 3258; x_wconf 90' lang='lat' dir='ltr'>[collocent</span> <span class='ocrx_word' id='word_1_204' title='bbox 1387 3165 1641 3264; x_wconf 83' lang='lat' dir='ltr'>imaginem]</span> <span class='ocrx_word' id='word_1_205' title='bbox 1666 3167 1888 3265; x_wconf 85' lang='lat' dir='ltr'>juvenilis</span> <span class='ocrx_word' id='word_1_206' title='bbox 1915 3168 2238 3266; x_wconf 87' lang='lat' dir='ltr'>reginaeCleo-</span> 
     </span>
     <span class='ocr_line' id='line_1_21' title="bbox 587 3296 2239 3406; baseline 0.001 -32"><span class='ocrx_word' id='word_1_207' title='bbox 587 3311 757 3397; x_wconf 92' lang='lat' dir='ltr'>patrae.</span> <span class='ocrx_word' id='word_1_208' title='bbox 811 3298 954 3372; x_wconf 88' lang='lat' dir='ltr'>Lacuna</span> <span class='ocrx_word' id='word_1_209' title='bbox 984 3296 1052 3372; x_wconf 89' lang='lat' dir='ltr'>boe</span> <span class='ocrx_word' id='word_1_210' title='bbox 1080 3297 1188 3372; x_wconf 92' lang='lat' dir='ltr'>modo</span> <span class='ocrx_word' id='word_1_211' title='bbox 1217 3296 1359 3397; x_wconf 87' lang='lat' dir='ltr'>expleta</span> <span class='ocrx_word' id='word_1_212' title='bbox 1386 3321 1502 3398; x_wconf 90' lang='lat' dir='ltr'>neque</span> <span class='ocrx_word' id='word_1_213' title='bbox 1530 3299 1683 3397; x_wconf 91' lang='lat' dir='ltr'>spatium</span> <span class='ocrx_word' id='word_1_214' title='bbox 1710 3299 1858 3406; x_wconf 88' lang='lat' dir='ltr'>viduum</span> <span class='ocrx_word' id='word_1_215' title='bbox 1888 3325 2004 3400; x_wconf 92' lang='lat' dir='ltr'>neque</span> <span class='ocrx_word' id='word_1_216' title='bbox 2031 3314 2128 3376; x_wconf 91' lang='lat' dir='ltr'>totus</span> <span class='ocrx_word' id='word_1_217' title='bbox 2156 3326 2239 3376; x_wconf 92' lang='lat' dir='ltr'>con·</span> 
     </span>
     <span class='ocr_line' id='line_1_22' title="bbox 587 3418 2239 3533; baseline 0.004 -29"><span class='ocrx_word' id='word_1_218' title='bbox 587 3443 709 3505; x_wconf 86' lang='lat' dir='ltr'>textus</span> <span class='ocrx_word' id='word_1_219' title='bbox 743 3429 938 3506; x_wconf 89' lang='lat' dir='ltr'>verborum</span> <span class='ocrx_word' id='word_1_220' title='bbox 975 3418 1107 3505; x_wconf 81' lang='lat' dir='ltr'>olfendi</span> <span class='ocrx_word' id='word_1_221' title='bbox 1141 3429 1264 3506; x_wconf 87' lang='lat' dir='ltr'>videre</span> <span class='ocrx_word' id='word_1_222' title='bbox 1298 3430 1384 3505; x_wconf 92' lang='lat' dir='ltr'>mihi</span> <span class='ocrx_word' id='word_1_223' title='bbox 1416 3429 1554 3506; x_wconf 83' lang='lat' dir='ltr'>videor.</span> <span class='ocrx_word' id='word_1_224' title='bbox 1608 3431 1695 3505; x_wconf 91' lang='lat' dir='ltr'>Post</span> <span class='ocrx_word' id='word_1_225' title='bbox 1728 3455 1855 3506; x_wconf 89' lang='lat' dir='ltr'>nomen</span> <span class='ocrx_word' id='word_1_226' title='bbox 1886 3432 2094 3533; x_wconf 87' lang='lat' dir='ltr'>Cleopatrae</span> <span class='ocrx_word' id='word_1_227' title='bbox 2125 3435 2239 3510; x_wconf 91' lang='lat' dir='ltr'>verba</span> 
     </span>
     <span class='ocr_line' id='line_1_23' title="bbox 589 3561 2239 3666; baseline 0.003 -29"><span class='ocrx_word' id='word_1_228' title='bbox 589 3576 805 3663; x_wconf 90' lang='lat' dir='ltr'>sequuntur:</span> <span class='ocrx_word' id='word_1_229' title='bbox 847 3564 1020 3638; x_wconf 91' lang='lat' dir='ltr'>sororis</span> <span class='ocrx_word' id='word_1_230' title='bbox 1056 3575 1098 3638; x_wconf 89' lang='lat' dir='ltr'>et</span> <span class='ocrx_word' id='word_1_231' title='bbox 1134 3564 1294 3638; x_wconf 88' lang='lat' dir='ltr'>uxoris</span> <span class='ocrx_word' id='word_1_232' title='bbox 1329 3561 1420 3637; x_wconf 87' lang='lat' dir='ltr'>filii</span> <span class='ocrx_word' id='word_1_233' title='bbox 1454 3561 1569 3637; x_wconf 90' lang='lat' dir='ltr'>solis</span> <span class='ocrx_word' id='word_1_234' title='bbox 1606 3562 1853 3640; x_wconf 90' lang='lat' dir='ltr'>Ptolemaei</span> <span class='ocrx_word' id='word_1_235' title='bbox 1887 3565 1959 3640; x_wconf 92' lang='lat' dir='ltr'>dei</span> <span class='ocrx_word' id='word_1_236' title='bbox 1990 3565 2239 3666; x_wconf 82' lang='lat' dir='ltr'>Epiphanis</span> 
     </span>
     <span class='ocr_line' id='line_1_24' title="bbox 588 3694 2236 3797; baseline 0.002 -27"><span class='ocrx_word' id='word_1_237' title='bbox 588 3720 681 3795; x_wconf 88' lang='lat' dir='ltr'>quae</span> <span class='ocrx_word' id='word_1_238' title='bbox 714 3694 993 3795; x_wconf 89' lang='lat' dir='ltr'>hieroglyphicis</span> <span class='ocrx_word' id='word_1_239' title='bbox 1028 3695 1292 3772; x_wconf 82' lang='lat' dir='ltr'>characteribus</span> <span class='ocrx_word' id='word_1_240' title='bbox 1327 3694 1422 3770; x_wconf 88' lang='lat' dir='ltr'>clara</span> <span class='ocrx_word' id='word_1_241' title='bbox 1449 3708 1533 3770; x_wconf 91' lang='lat' dir='ltr'>sunt</span> <span class='ocrx_word' id='word_1_242' title='bbox 1560 3695 1657 3770; x_wconf 91' lang='lat' dir='ltr'>etin</span> <span class='ocrx_word' id='word_1_243' title='bbox 1686 3695 1861 3772; x_wconf 80' lang='lat' dir='ltr'>demotice</span> <span class='ocrx_word' id='word_1_244' title='bbox 1887 3710 1989 3797; x_wconf 92' lang='lat' dir='ltr'>parte</span> <span class='ocrx_word' id='word_1_245' title='bbox 2016 3698 2157 3774; x_wconf 86' lang='lat' dir='ltr'>verbis:</span> <span class='ocrx_word' id='word_1_246' title='bbox 2196 3701 2236 3773; x_wconf 91' lang='lat' dir='ltr'>in</span> 
     </span>
     <span class='ocr_line' id='line_1_25' title="bbox 587 3826 2238 3929; baseline 0.002 -27"><span class='ocrx_word' id='word_1_247' title='bbox 587 3826 765 3927; x_wconf 91' lang='lat' dir='ltr'>templis</span> <span class='ocrx_word' id='word_1_248' title='bbox 793 3827 1027 3928; x_wconf 83' lang='lat' dir='ltr'>Ae[gypti]</span> <span class='ocrx_word' id='word_1_249' title='bbox 1057 3829 1291 3928; x_wconf 90' lang='lat' dir='ltr'>excipiuntur.</span> <span class='ocrx_word' id='word_1_250' title='bbox 1336 3829 1439 3904; x_wconf 91' lang='lat' dir='ltr'>Nunc</span> <span class='ocrx_word' id='word_1_251' title='bbox 1467 3829 1501 3903; x_wconf 93' lang='lat' dir='ltr'>in</span> <span class='ocrx_word' id='word_1_252' title='bbox 1531 3827 1657 3903; x_wconf 87' lang='lat' dir='ltr'>duabis</span> <span class='ocrx_word' id='word_1_253' title='bbox 1685 3828 1848 3926; x_wconf 91' lang='lat' dir='ltr'>partibus</span> <span class='ocrx_word' id='word_1_254' title='bbox 1875 3832 1989 3929; x_wconf 92' lang='lat' dir='ltr'>major</span> <span class='ocrx_word' id='word_1_255' title='bbox 2009 3830 2138 3906; x_wconf 91' lang='lat' dir='ltr'>lacuna</span> <span class='ocrx_word' id='word_1_256' title='bbox 2155 3856 2238 3906; x_wconf 92' lang='lat' dir='ltr'>con-</span> 
     </span>
     <span class='ocr_line' id='line_1_26' title="bbox 586 3959 2236 4063; baseline 0.002 -29"><span class='ocrx_word' id='word_1_257' title='bbox 586 3973 725 4036; x_wconf 87' lang='lat' dir='ltr'>textum</span> <span class='ocrx_word' id='word_1_258' title='bbox 751 3960 989 4060; x_wconf 85' lang='lat' dir='ltr'>interrumpit,</span> <span class='ocrx_word' id='word_1_259' title='bbox 1018 3985 1130 4061; x_wconf 90' lang='lat' dir='ltr'>quare</span> <span class='ocrx_word' id='word_1_260' title='bbox 1156 3959 1276 4061; x_wconf 93' lang='lat' dir='ltr'>paullo</span> <span class='ocrx_word' id='word_1_261' title='bbox 1304 3972 1358 4035; x_wconf 90' lang='lat' dir='ltr'>est</span> <span class='ocrx_word' id='word_1_262' title='bbox 1385 3962 1590 4037; x_wconf 87' lang='lat' dir='ltr'>accuratius</span> <span class='ocrx_word' id='word_1_263' title='bbox 1609 3959 1867 4059; x_wconf 88' lang='lat' dir='ltr'>perlustranda.</span> <span class='ocrx_word' id='word_1_264' title='bbox 1913 3963 1957 4038; x_wconf 82' lang='lat' dir='ltr'>Et</span> <span class='ocrx_word' id='word_1_265' title='bbox 1975 3964 2141 4062; x_wconf 87' lang='lat' dir='ltr'>proxima</span> <span class='ocrx_word' id='word_1_266' title='bbox 2160 3965 2236 4063; x_wconf 91' lang='lat' dir='ltr'>qui·</span> 
     </span>
     <span class='ocr_line' id='line_1_27' title="bbox 588 4091 2237 4192; baseline 0.004 -27"><span class='ocrx_word' id='word_1_267' title='bbox 588 4093 668 4166; x_wconf 92' lang='lat' dir='ltr'>dem</span> <span class='ocrx_word' id='word_1_268' title='bbox 695 4091 811 4190; x_wconf 88' lang='lat' dir='ltr'>figura</span> <span class='ocrx_word' id='word_1_269' title='bbox 837 4091 1105 4192; x_wconf 80' lang='lat' dir='ltr'>hieroglyphice</span> <span class='ocrx_word' id='word_1_270' title='bbox 1132 4117 1241 4191; x_wconf 94' lang='lat' dir='ltr'>quum</span> <span class='ocrx_word' id='word_1_271' title='bbox 1268 4091 1421 4168; x_wconf 91' lang='lat' dir='ltr'>hominis</span> <span class='ocrx_word' id='word_1_272' title='bbox 1449 4093 1564 4167; x_wconf 90' lang='lat' dir='ltr'>euntis</span> <span class='ocrx_word' id='word_1_273' title='bbox 1586 4104 1621 4167; x_wconf 90' lang='lat' dir='ltr'>et</span> <span class='ocrx_word' id='word_1_274' title='bbox 1641 4091 1808 4168; x_wconf 88' lang='lat' dir='ltr'>baculum</span> <span class='ocrx_word' id='word_1_275' title='bbox 1831 4093 1941 4170; x_wconf 90' lang='lat' dir='ltr'>altera</span> <span class='ocrx_word' id='word_1_276' title='bbox 1960 4119 2068 4171; x_wconf 92' lang='lat' dir='ltr'>manu</span> <span class='ocrx_word' id='word_1_277' title='bbox 2086 4099 2237 4172; x_wconf 93' lang='lat' dir='ltr'>tenentis</span> 
     </span>
     <span class='ocr_line' id='line_1_28' title="bbox 587 4201 2238 4324; baseline 0.003 -27"><span class='ocrx_word' id='word_1_278' title='bbox 587 4223 776 4322; x_wconf 90' lang='lat' dir='ltr'>imaginem</span> <span class='ocrx_word' id='word_1_279' title='bbox 803 4224 950 4314; x_wconf 90' lang='lat' dir='ltr'>referat,</span> <span class='ocrx_word' id='word_1_280' title='bbox 973 4248 1071 4324; x_wconf 53' lang='lat' dir='ltr'>‘quae</span> <span class='ocrx_word' id='word_1_281' title='bbox 1100 4227 1243 4323; x_wconf 88' lang='lat' dir='ltr'>saepius</span> <span class='ocrx_word' id='word_1_282' title='bbox 1272 4237 1307 4300; x_wconf 91' lang='lat' dir='ltr'>et</span> <span class='ocrx_word' id='word_1_283' title='bbox 1334 4226 1368 4299; x_wconf 95' lang='lat' dir='ltr'>in</span> <span class='ocrx_word' id='word_1_284' title='bbox 1387 4201 1584 4300; x_wconf 85' lang='lat' dir='ltr'>Rosettano</span> <span class='ocrx_word' id='word_1_285' title='bbox 1612 4238 1842 4301; x_wconf 91' lang='lat' dir='ltr'>monumento</span> <span class='ocrx_word' id='word_1_286' title='bbox 1872 4240 1907 4301; x_wconf 90' lang='lat' dir='ltr'>et</span> <span class='ocrx_word' id='word_1_287' title='bbox 1924 4227 2078 4303; x_wconf 91' lang='lat' dir='ltr'>Pbilensi</span> <span class='ocrx_word' id='word_1_288' title='bbox 2096 4228 2238 4304; x_wconf 91' lang='lat' dir='ltr'>decreto</span> 
     </span>
     <span class='ocr_line' id='line_1_29' title="bbox 588 4351 2241 4459; baseline 0.005 -31"><span class='ocrx_word' id='word_1_289' title='bbox 588 4356 740 4430; x_wconf 90' lang='lat' dir='ltr'>verbum</span> <span class='ocrx_word' id='word_1_290' title='bbox 770 4351 872 4431; x_wconf 88' lang='lat' dir='ltr'>s‘ont</span> <span class='ocrx_word' id='word_1_291' title='bbox 900 4355 1167 4432; x_wconf 89' lang='lat' dir='ltr'>determinando</span> <span class='ocrx_word' id='word_1_292' title='bbox 1195 4357 1360 4446; x_wconf 90' lang='lat' dir='ltr'>inservit,</span> <span class='ocrx_word' id='word_1_293' title='bbox 1387 4370 1500 4432; x_wconf 93' lang='lat' dir='ltr'>totum</span> <span class='ocrx_word' id='word_1_294' title='bbox 1529 4357 1705 4435; x_wconf 86' lang='lat' dir='ltr'>facillume</span> <span class='ocrx_word' id='word_1_295' title='bbox 1732 4359 1782 4434; x_wconf 88' lang='lat' dir='ltr'>ita</span> <span class='ocrx_word' id='word_1_296' title='bbox 1808 4371 1862 4434; x_wconf 93' lang='lat' dir='ltr'>est</span> <span class='ocrx_word' id='word_1_297' title='bbox 1887 4358 2167 4459; x_wconf 88' lang='lat' dir='ltr'>intelligendum:</span> <span class='ocrx_word' id='word_1_298' title='bbox 2195 4375 2241 4436; x_wconf 90' lang='lat' dir='ltr'>ut</span> 
     </span>
     <span class='ocr_line' id='line_1_30' title="bbox 590 4488 2241 4592; baseline 0.005 -32"><span class='ocrx_word' id='word_1_299' title='bbox 590 4488 920 4580; x_wconf 81' lang='lat' dir='ltr'>[constituatur</span> <span class='ocrx_word' id='word_1_300' title='bbox 955 4490 1101 4588; x_wconf 90' lang='lat' dir='ltr'>imago</span> <span class='ocrx_word' id='word_1_301' title='bbox 1133 4490 1319 4587; x_wconf 87' lang='lat' dir='ltr'>reginae</span> <span class='ocrx_word' id='word_1_302' title='bbox 1349 4488 1615 4589; x_wconf 84' lang='lat' dir='ltr'>Cleopatrae</span> <span class='ocrx_word' id='word_1_303' title='bbox 1651 4493 1691 4566; x_wconf 91' lang='lat' dir='ltr'>in</span> <span class='ocrx_word' id='word_1_304' title='bbox 1717 4490 1930 4576; x_wconf 63' lang='lat' dir='ltr'>‚omnibus</span> <span class='ocrx_word' id='word_1_305' title='bbox 1957 4491 2138 4592; x_wconf 90' lang='lat' dir='ltr'>templis</span> <span class='ocrx_word' id='word_1_306' title='bbox 2165 4494 2241 4570; x_wconf 92' lang='lat' dir='ltr'>ubi</span> 
     </span>
     <span class='ocr_line' id='line_1_31' title="bbox 588 4618 2241 4719; baseline 0.005 -26"><span class='ocrx_word' id='word_1_307' title='bbox 588 4618 676 4713; x_wconf 87' lang='lat' dir='ltr'>est]</span> <span class='ocrx_word' id='word_1_308' title='bbox 706 4621 850 4718; x_wconf 89' lang='lat' dir='ltr'>imago</span> <span class='ocrx_word' id='word_1_309' title='bbox 879 4620 1145 4710; x_wconf 91' lang='lat' dir='ltr'>Ptolemaei,</span> <span class='ocrx_word' id='word_1_310' title='bbox 1175 4623 1274 4719; x_wconf 89' lang='lat' dir='ltr'>cujus</span> <span class='ocrx_word' id='word_1_311' title='bbox 1303 4645 1431 4696; x_wconf 93' lang='lat' dir='ltr'>nomen</span> <span class='ocrx_word' id='word_1_312' title='bbox 1461 4621 1611 4698; x_wconf 88' lang='lat' dir='ltr'>dilucide</span> <span class='ocrx_word' id='word_1_313' title='bbox 1639 4623 1805 4698; x_wconf 88' lang='lat' dir='ltr'>omnibus</span> <span class='ocrx_word' id='word_1_314' title='bbox 1832 4624 1941 4699; x_wconf 85' lang='lat' dir='ltr'>titulis</span> <span class='ocrx_word' id='word_1_315' title='bbox 1962 4623 2241 4702; x_wconf 88' lang='lat' dir='ltr'>bonorificentis-</span> 
     </span>
     <span class='ocr_line' id='line_1_32' title="bbox 589 4752 2240 4858; baseline 0.004 -30"><span class='ocrx_word' id='word_1_316' title='bbox 589 4754 687 4828; x_wconf 91' lang='lat' dir='ltr'>simis</span> <span class='ocrx_word' id='word_1_317' title='bbox 716 4752 844 4827; x_wconf 88' lang='lat' dir='ltr'>additis</span> <span class='ocrx_word' id='word_1_318' title='bbox 871 4753 907 4827; x_wconf 93' lang='lat' dir='ltr'>in</span> <span class='ocrx_word' id='word_1_319' title='bbox 935 4765 1036 4829; x_wconf 84' lang='lat' dir='ltr'>textu</span> <span class='ocrx_word' id='word_1_320' title='bbox 1065 4767 1100 4829; x_wconf 95' lang='lat' dir='ltr'>et</span> <span class='ocrx_word' id='word_1_321' title='bbox 1126 4753 1395 4853; x_wconf 91' lang='lat' dir='ltr'>hieroglyphico</span> <span class='ocrx_word' id='word_1_322' title='bbox 1423 4778 1585 4830; x_wconf 91' lang='lat' dir='ltr'>necnon</span> <span class='ocrx_word' id='word_1_323' title='bbox 1614 4755 1789 4830; x_wconf 86' lang='lat' dir='ltr'>demotice</span> <span class='ocrx_word' id='word_1_324' title='bbox 1817 4755 1955 4856; x_wconf 88' lang='lat' dir='ltr'>legitur.</span> <span class='ocrx_word' id='word_1_325' title='bbox 1998 4758 2095 4856; x_wconf 79' lang='lat' dir='ltr'>Quae</span> <span class='ocrx_word' id='word_1_326' title='bbox 2114 4782 2240 4858; x_wconf 82' lang='lat' dir='ltr'>seque-</span> 
     </span>
     <span class='ocr_line' id='line_1_33' title="bbox 587 4885 2241 4987; baseline 0.002 -25"><span class='ocrx_word' id='word_1_327' title='bbox 587 4887 720 4962; x_wconf 88' lang='lat' dir='ltr'>bantur</span> <span class='ocrx_word' id='word_1_328' title='bbox 754 4910 847 4960; x_wconf 91' lang='lat' dir='ltr'>nunc</span> <span class='ocrx_word' id='word_1_329' title='bbox 883 4886 917 4960; x_wconf 89' lang='lat' dir='ltr'>in</span> <span class='ocrx_word' id='word_1_330' title='bbox 946 4885 1189 4986; x_wconf 88' lang='lat' dir='ltr'>hieroglypbis</span> <span class='ocrx_word' id='word_1_331' title='bbox 1219 4887 1373 4987; x_wconf 91' lang='lat' dir='ltr'>abrupta</span> <span class='ocrx_word' id='word_1_332' title='bbox 1400 4900 1435 4962; x_wconf 91' lang='lat' dir='ltr'>et</span> <span class='ocrx_word' id='word_1_333' title='bbox 1462 4887 1604 4962; x_wconf 88' lang='lat' dir='ltr'>abscisa</span> <span class='ocrx_word' id='word_1_334' title='bbox 1632 4900 1732 4975; x_wconf 91' lang='lat' dir='ltr'>sunt,</span> <span class='ocrx_word' id='word_1_335' title='bbox 1767 4887 1940 4964; x_wconf 90' lang='lat' dir='ltr'>demotice</span> <span class='ocrx_word' id='word_1_336' title='bbox 1955 4901 2111 4965; x_wconf 33' lang='lat' dir='ltr'>*exstant</span> <span class='ocrx_word' id='word_1_337' title='bbox 2137 4889 2241 4967; x_wconf 90' lang='lat' dir='ltr'>baec:</span> 
     </span>
     <span class='ocr_line' id='line_1_34' title="bbox 588 5018 2240 5118; baseline 0.004 -26"><span class='ocrx_word' id='word_1_338' title='bbox 588 5019 640 5093; x_wconf 75' lang='lat' dir='ltr'>ab</span> <span class='ocrx_word' id='word_1_339' title='bbox 675 5044 727 5118; x_wconf 91' lang='lat' dir='ltr'>pe</span> <span class='ocrx_word' id='word_1_340' title='bbox 763 5019 830 5094; x_wconf 78' lang='lat' dir='ltr'>trit</span> <span class='ocrx_word' id='word_1_341' title='bbox 865 5018 887 5093; x_wconf 91' lang='lat' dir='ltr'>i.</span> <span class='ocrx_word' id='word_1_342' title='bbox 916 5043 946 5093; x_wconf 89' lang='lat' dir='ltr'>e.</span> <span class='ocrx_word' id='word_1_343' title='bbox 974 5031 1016 5093; x_wconf 94' lang='lat' dir='ltr'>et</span> <span class='ocrx_word' id='word_1_344' title='bbox 1044 5019 1198 5117; x_wconf 91' lang='lat' dir='ltr'>imago.</span> <span class='ocrx_word' id='word_1_345' title='bbox 1252 5019 1331 5096; x_wconf 87' lang='lat' dir='ltr'>Jam</span> <span class='ocrx_word' id='word_1_346' title='bbox 1362 5021 1393 5094; x_wconf 93' lang='lat' dir='ltr'>si</span> <span class='ocrx_word' id='word_1_347' title='bbox 1419 5018 1667 5118; x_wconf 92' lang='lat' dir='ltr'>progredimur</span> <span class='ocrx_word' id='word_1_348' title='bbox 1694 5021 1812 5094; x_wconf 88' lang='lat' dir='ltr'>omnia</span> <span class='ocrx_word' id='word_1_349' title='bbox 1839 5020 1981 5096; x_wconf 89' lang='lat' dir='ltr'>abscisa</span> <span class='ocrx_word' id='word_1_350' title='bbox 2007 5021 2240 5110; x_wconf 75' lang='lat' dir='ltr'>inveniemus</span> 
     </span>
     <span class='ocr_line' id='line_1_35' title="bbox 589 5150 2240 5251; baseline 0.003 -29"><span class='ocrx_word' id='word_1_351' title='bbox 589 5163 742 5227; x_wconf 88' lang='lat' dir='ltr'>attamen</span> <span class='ocrx_word' id='word_1_352' title='bbox 778 5150 953 5228; x_wconf 81' lang='lat' dir='ltr'>demotice</span> <span class='ocrx_word' id='word_1_353' title='bbox 987 5152 1155 5227; x_wconf 84' lang='lat' dir='ltr'>versione</span> <span class='ocrx_word' id='word_1_354' title='bbox 1188 5173 1254 5226; x_wconf 90' lang='lat' dir='ltr'>nec</span> <span class='ocrx_word' id='word_1_355' title='bbox 1286 5174 1358 5225; x_wconf 92' lang='lat' dir='ltr'>nou</span> <span class='ocrx_word' id='word_1_356' title='bbox 1392 5153 1516 5226; x_wconf 91' lang='lat' dir='ltr'>ceteris</span> <span class='ocrx_word' id='word_1_357' title='bbox 1550 5151 1722 5250; x_wconf 85' lang='lat' dir='ltr'>exemplis</span> <span class='ocrx_word' id='word_1_358' title='bbox 1756 5151 1883 5250; x_wconf 90' lang='lat' dir='ltr'>lapidis</span> <span class='ocrx_word' id='word_1_359' title='bbox 1910 5153 2096 5229; x_wconf 88' lang='lat' dir='ltr'>Rosettani</span> <span class='ocrx_word' id='word_1_360' title='bbox 2131 5153 2240 5251; x_wconf 88' lang='lat' dir='ltr'>adjuti</span> 
     </span>
    </p>
   </div>
   <div class='ocr_carea' id='block_1_5' title="bbox 0 0 2491 6452">
    <p class='ocr_par' dir='ltr' id='par_1_6' title="bbox 0 0 2491 6452">
     <span class='ocr_line' id='line_1_36' title="bbox 0 0 2491 6452; baseline 0 0"><span class='ocrx_word' id='word_1_361' title='bbox 0 0 2491 6452; x_wconf 95' lang='lat' dir='ltr'> </span> 
     </span>
    </p>
   </div>
  </div>
 </body>
</html>
