4958 6458
1392 557 1446 646 10

594 797 687 872 enim
713 793 834 880 abest,
860 800 901 865 ut
927 813 974 864 ex
1001 787 1262 888 conspiratione
1288 784 1521 860 formularum
1549 795 1584 860 et
1612 786 1865 860 sententiarum
1891 787 1928 860 in
1954 785 2096 862 duobus
2118 809 2244 862 monu-

592 925 720 1002 mentis
752 921 911 1021 ejusdem
937 919 1108 1018 temporis
1135 918 1195 994 illa
1222 916 1347 992 eadem
1374 939 1454 992 esse
1481 915 1684 1006 credamus,
1720 927 1760 992 ut
1786 915 1847 992 vel
1874 918 2128 1017 antiquissimis
2156 931 2244 994 tem-

592 1056 743 1157 poribus
771 1051 920 1141 similes,
949 1052 1090 1150 saepius
1113 1048 1259 1126 eaedem
1280 1047 1455 1123 formulae
1474 1045 1696 1123 decretorum
1715 1046 1794 1148 lege
1814 1049 1971 1125 sancitae
1989 1049 2245 1149 repperiantur,

594 1187 705 1276 unde,
740 1183 931 1262 mehercle!
966 1206 1070 1258 nemo
1105 1181 1166 1258 illa
1197 1191 1427 1256 monumenta
1459 1179 1585 1255 eadem
1620 1203 1700 1255 esse
1732 1179 1945 1256 concludere
1972 1180 2042 1256 sibi
2067 1179 2244 1257 videatur.

593 1318 758 1418 Exempli
796 1317 912 1416 gratia
947 1314 1128 1390 decretum
1160 1312 1343 1412 quoddam
1378 1311 1472 1386 sedis
1507 1313 1626 1411 regiae
1658 1324 1760 1410 parte
1794 1335 1926 1388 aversa
1958 1313 2108 1388 incisum
2142 1323 2178 1388 et
2209 1314 2246 1386 in

594 1473 719 1527 museo
746 1447 959 1524 Taurinensi
988 1458 1177 1520 asservato
1204 1443 1341 1532 citabo,
1357 1441 1417 1516 ‘de
1445 1465 1518 1540 quo
1546 1441 1676 1518 Cham
1683 1442 1824 1542 pollio
1851 1445 1887 1518 in
1913 1443 2095 1543 prioribus
2121 1443 2245 1520 litteris

595 1581 642 1658 ad
669 1579 796 1656 ducem
824 1604 848 1654 a
874 1577 1033 1654 Blacas
1061 1576 1200 1675 scriptis
1226 1574 1342 1650 fusius
1369 1573 1575 1672 disputavit.
1594 1567 1617 1667 ¹)

701 1713 782 1787 Jam
808 1711 935 1800 finitis,
963 1732 1057 1807 quae
1085 1707 1129 1782 de
1155 1707 1275 1806 priore
1301 1707 1529 1806 inscriptione
1547 1704 1700 1781 Philensi
1726 1706 1819 1781 binis
1846 1704 1957 1782 titulis
1975 1717 2127 1782 exarata
2143 1727 2246 1804 prae·

595 1843 692 1918 latus
727 1865 807 1918 sum
840 1853 968 1929 restat,
1004 1852 1044 1914 ut
1077 1862 1194 1938 pauca
1227 1837 1271 1914 de
1299 1837 1412 1914 altera
1439 1837 1571 1926 dicam,
1606 1839 1705 1936 cujus
1733 1837 1917 1937 exemplar
1942 1838 2247 1914 accuratissimum

597 1974 642 2049 de
675 1974 755 2073 ipsa
787 1973 923 2072 pariete
957 1969 1080 2069 templi
1112 1993 1254 2069 papyro
1291 1970 1478 2046 chartacea
1511 1971 1724 2067 impressum
1760 1993 1870 2068 quum
1904 1970 2047 2045 Parisiis
2080 1993 2248 2046 versarer

597 2106 763 2204 quamvis
794 2104 911 2178 minus
940 2101 1051 2178 altera
1077 2114 1242 2176 accurate
1268 2103 1440 2201 inspicere
1467 2099 1553 2176 mihi
1579 2099 1684 2174 licuit.
1739 2101 1895 2175 Primum
1923 2099 2166 2176 adnotandum
2193 2113 2249 2176 est

597 2237 777 2312 decretum
805 2235 896 2328 (tale
923 2236 1016 2310 enim
1044 2234 1116 2325 est)
1144 2231 1273 2308 honori
1299 2233 1413 2308 eidem
1440 2233 1645 2308 Ptolemaeo
1672 2244 1780 2331 atque
1808 2232 1923 2308 eidem
1943 2232 2152 2332 Cleopatrae
2181 2229 2247 2308 diis

597 2366 841 2467 Epiphanibus
876 2389 955 2441 esse
987 2364 1171 2440 redactum
1204 2388 1320 2463 neque
1355 2366 1429 2440 scio
1463 2389 1508 2439 an
1540 2363 1617 2438 aliis
1644 2362 1842 2439 bonoribus
1871 2388 1980 2464 quam
2007 2366 2041 2439 in
2068 2363 2248 2462 prioribus

596 2498 885 2598 inscriptionibus
920 2499 989 2572 sint
1015 2497 1143 2572 affecti.
1195 2497 1241 2571 Et
1268 2495 1494 2572 sacerdotum
1522 2494 1666 2595 quidem
1694 2494 1836 2571 ordines
1864 2497 2053 2596 (quamvis
2082 2493 2152 2570 alia
2179 2496 2248 2570 sint

597 2631 741 2706 nomina
767 2629 988 2728 singulorum
1016 2625 1261 2720 sacerdotum)
1290 2650 1404 2726 aeque
1431 2641 1540 2727 atque
1567 2627 1603 2702 in
1631 2626 1782 2703 decretis
1810 2642 1916 2703 antea
1940 2628 2129 2727 disputatis
2148 2652 2248 2727 repe·

597 2775 735 2850 tuntur,
770 2784 863 2858 quos
898 2784 937 2835 se
970 2759 1163 2834 contulisse
1197 2758 1245 2833 ad
1276 2782 1420 2833 arcem
1447 2758 1692 2835 Alexandri
1719 2759 1741 2832 i.
1769 2782 1798 2833 e.
1826 2757 2080 2834 Alexandriam
2107 2759 2249 2851 (sebti

600 2915 648 2966 cn
666 2890 981 2983 Aleksantrcs)
1006 2890 1199 2964 memoriae
1217 2886 1377 2963 traditur.
1419 2890 1512 2965 Tum
1532 2889 1636 2964 docet
1653 2902 1921 2965 monumentum
1940 2889 2028 2966 deos
2047 2889 2248 2990 Epiphanes

600 3021 711 3096 multa
737 3021 911 3096 beneficia
936 3022 972 3094 in
990 3021 1193 3118 Aegyptum
1222 3018 1437 3109 cumulasse,
1460 3020 1634 3118 justitiam
1660 3033 1700 3094 ut
1728 3019 1832 3095 deum
1852 3021 1971 3097 Thoth
1992 3022 2195 3098 exercuisse
2212 3023 2248 3097 in
2314 3025 2318 3034 '

599 3154 816 3252 Aegyptios,
844 3151 949 3226 deum
968 3150 1188 3250 Epiphanem
1215 3149 1262 3224 ad
1290 3150 1488 3226 condienda
1515 3173 1619 3226 sacra
1645 3152 1810 3229 animalia
1837 3177 1930 3252 quae
1956 3177 2103 3229 necesse
2130 3168 2250 3230 essent

601 3284 754 3373 dedisse,
775 3284 855 3372 alia,
880 3306 972 3381 quac
991 3281 1039 3356 ad
1055 3294 1274 3381 postremum
1292 3281 1462 3358 formula:
1487 3281 1618 3381 placuit
1637 3284 1883 3360 sacerdotibus
1901 3285 2075 3362 honorem
2093 3288 2249 3362 omnium

601 3415 885 3492 Ptolemaeorum
920 3414 1159 3513 magnifice
1192 3438 1355 3512 augere
1389 3415 1529 3513 excipit.
1585 3416 1715 3490 Postea
1748 3413 1792 3490 de
1822 3417 1993 3516 imagine,
2027 3416 2071 3492 de
2100 3416 2249 3506 sacellis,

716 3661 737 3751 Ι)
768 3665 1048 3754 Champollion,
1073 3669 1188 3732 lettres
1212 3690 1251 3732 au
1274 3667 1340 3733 Duc
1363 3667 1400 3732 de
1423 3667 1527 3732 Blacas
1550 3669 1576 3745 l,
1600 3690 1670 3756 pag.
1687 3666 1729 3733 53
1746 3691 1828 3758 seqq.
1873 3667 1951 3737 ‚Ces
1974 3671 2054 3736 deux
2077 3693 2250 3736 monumens

602 3787 657 3839 ont
678 3795 720 3838 un
744 3779 836 3837 meme
860 3773 957 3858 objet3
981 3773 1022 3837 les
1047 3773 1191 3837 divisions
1214 3773 1365 3860 generales
1389 3774 1440 3838 des
1464 3787 1560 3839 textos
1581 3776 1815 3862 sontpareilles,
1841 3789 1871 3840 et
1884 3777 1926 3842 les
1940 3780 2120 3865 principaux
2135 3778 2251 3842 articles

604 3881 641 3945 de
663 3881 724 3945 l'un
747 3901 779 3944 se
801 3892 989 3956 retrouvent,
1015 3893 1044 3944 et
1065 3883 1261 3967 pricisdment
1283 3881 1365 3944 selon
1389 3881 1415 3944 le
1439 3884 1531 3944 meme
1555 3881 1658 3957 ordre,
1683 3879 1756 3945 dans
1778 3882 1892 3946 l’autre.
1925 3881 1961 3946 Je
1983 3896 2139 3948 rencontre
2161 3883 2249 3960 donc,

602 3984 677 4050 dans
706 3986 733 4049 le
761 3988 862 4050 musea
890 3983 926 4048 de
950 3985 1060 4058 Turin,
1090 4008 1131 4050 un
1161 3985 1277 4050 modiale
1303 3988 1510 4073 tres-antique
1539 3987 1576 4050 de
1603 4008 1651 4052 ces
1674 3986 1788 4052 decreta
1811 3987 1921 4052 rendus
1943 4011 2023 4075 pour
2045 4011 2201 4055 consecrer
2222 4003 2251 4054 et

603 4113 762 4156 conserver
784 4092 813 4154 la
833 4094 973 4156 memoire
990 4091 1026 4155 de
1042 4093 1069 4156 la
1086 4095 1164 4176 pie'td
1180 4090 1232 4156 des
1247 4094 1324 4167 rois,
1350 4104 1381 4156 et
1395 4091 1465 4156 celle
1481 4090 1518 4155 de
1533 4092 1612 4156 leurs
1627 4091 1766 4158 bienlaits
1782 4116 1886 4159 envers
1902 4094 1930 4159 la
1945 4097 2046 4159 naticn
2063 4098 2249 4182 egyptienne.

604 4194 646 4260 Ce
669 4193 723 4260 fait
746 4197 869 4259 curieux
893 4195 1046 4260 demontre
1071 4217 1106 4259 en
1130 4200 1223 4260 meme
1246 4208 1341 4282 temps
1365 4217 1422 4283 que
1445 4197 1473 4262 le
1496 4197 1575 4262 culte
1598 4211 1628 4263 et
1649 4198 1676 4262 le
1698 4198 1856 4264 sacerdote
1879 4199 1931 4264 des
1952 4203 2014 4266 rois
2032 4213 2077 4265 est
2092 4200 2250 4290 beaucoup

602 4301 670 4387 plus
699 4302 802 4364 ancien
830 4323 866 4365 en
888 4279 1006 4388 ldgypte
1035 4323 1092 4388 que
1121 4302 1254 4366 l'arrivde
1278 4301 1494 4378 d'Alexandre,
1524 4315 1553 4367 et
1576 4305 1662 4391 qu'en
1686 4304 1748 4368 cela
1770 4327 1882 4369 comme
1905 4304 1979 4371 dans
2001 4327 2130 4393 presque
2150 4319 2251 4373 tontes

605 4407 644 4469 les
675 4403 784 4470 formes
813 4405 854 4470 du
883 4408 960 4471 culte
983 4420 1013 4471 et
1036 4399 1076 4470 du
1104 4419 1352 4493 gouvernement‚
1384 4407 1457 4472 dans
1480 4408 1523 4471 les
1547 4421 1701 4474 coutumes
1723 4422 1753 4474 et
1775 4414 1867 4474 meme
1891 4409 1965 4476 dans
1987 4412 2029 4476 les
2052 4411 2191 4476 lormules
2214 4411 2251 4478 de

604 4510 708 4597 simple
732 4513 888 4598 eliquette,
912 4513 953 4575 les
976 4513 1038 4575 rois
1063 4509 1154 4576 Grecs
1178 4488 1324 4598 d’dgypu
1347 4511 1553 4578 n’iunovbrent
1575 4516 1653 4592 rien,
1679 4515 1929 4588 et's'ellorc'ercnt
1952 4516 1988 4581 de
2002 4519 2116 4594 suivra,
2140 4518 2167 4582 le
2181 4518 2251 4605 plns

605 4615 676 4703 qu'il
698 4616 762 4680 leur
785 4615 999 4703 impossible,
1024 4616 1065 4680 les
1088 4638 1195 4704 usages
1219 4615 1255 4681 de
1279 4617 1419 4706 l'antique
1442 4620 1628 4695 monarchia,
1653 4621 1761 4707 qu’une
1784 4621 1893 4708 longua
1913 4625 1989 4687 serie
2004 4622 2041 4687 de
2055 4624 2158 4689 stactes
2173 4627 2253 4690 avait

605 4720 870 4786 irrlvocablement
891 4723 1113 4786 sanctionum«
1156 4719 1201 4787 cl.
1219 4734 1371 4808 praeterea
1386 4723 1422 4788 H.
1438 4745 1507 4812 pag.
1525 4723 1577 4790 94.
1602 4746 1657 4790 nec
1679 4747 1740 4789 non
1763 4747 1840 4813 quae
1854 4725 1872 4798 J
1879 4727 2052 4792 amardus
2074 4731 2105 4792 in
2122 4733 2251 4796 maximo

605 4848 710 4913 opere:
734 4825 923 4912 Description
947 4827 984 4891 dc
1006 4805 1158 4914 l'ldgypte,
1183 4827 1533 4915 Antiq.1lescr.Vol.ll
1555 4830 1612 4894 sub
1636 4831 1722 4895 titulo
1747 4830 1935 4916 Description
1959 4830 2010 4896 des
2033 4835 2193 4920 antiquites
2216 4834 2253 4899 de

604 4933 632 4997 la
656 4932 723 4996 ville
752 4945 781 4997 et
810 4931 846 4995 de
874 4931 902 4995 la
924 4935 1067 5018 province
1090 4932 1131 4996 du
1154 4933 1243 4996 Kaira
1265 4954 1335 5020 pag.
1354 4931 1411 5010 10,
1440 4946 1529 5021 atque
1551 4935 1749 5022 Peyronus
1772 4938 1803 4999 in
1827 4948 1897 5000 tom.
1912 4937 2043 5002 XXXIV
2064 4937 2134 5004 libri
2155 4944 2253 5028 perio·

606 5038 678 5105 dici:
707 5039 851 5105 Memoria
875 5038 949 5103 della
973 5039 1009 5104 R.
1034 5037 1211 5103 Accademia
1239 5038 1268 5102 di
1293 5040 1408 5103 Torino
1432 5035 1545 5120 (Class.
1570 5039 1773 5106 disaster.
1798 5033 1879 5107 Stor.
1904 5065 1920 5107 e
1943 5040 2017 5125 Fit.)
2045 5065 2115 5132 pag.
2135 5046 2148 5110 l
2168 5068 2251 5134 seqq.

606 5143 642 5209 de
666 5145 729 5210 aliis
753 5144 903 5233 lapidibus
926 5146 1111 5230 inscriptioni
1134 5143 1315 5210 Roscttanae
1338 5165 1462 5231 prorsus
1485 5143 1630 5210 similibus
1653 5145 1842 5212 adnotavere.
