4958 6458
1080 591 1136 680 25

282 825 370 887 etiam
393 821 445 886 liat
468 821 531 886 dies
559 824 588 884 in
612 822 730 886 nomine
753 821 833 906 ejus,
863 832 1084 907 perstaturum

328 931 386 1018 (ut)
416 935 494 1001 lilius
523 935 709 1024 gubernator
737 938 815 1024 regis
839 935 970 1022 Aegypti
994 931 1086 1017 [Pto-

328 1046 455 1132 lemaei]
470 1099 560 1116 ......

241 1191 244 1197 ’
285 1165 349 1233 Liu.
366 1165 439 1231 VlIl.
483 1161 682 1248 [aediculam]
711 1163 907 1230 venerabilem
942 1166 972 1228 in
1007 1186 1084 1251 puro

331 1303 405 1344 auro
429 1292 459 1345 et
481 1279 617 1345 relertam
642 1279 718 1352 duro
741 1279 883 1367 lapidei?
907 1281 936 1342 in

286 1398 381 1483 portis
406 1394 512 1459 domus
535 1407 631 1459 terrae
655 1396 747 1459 totius
770 1397 800 1458 in
824 1395 942 1458 nornine
963 1415 1018 1458 sno

330 1512 360 1573 in
384 1510 456 1574 cella
479 1522 580 1574 sancta
604 1530 670 1573 rum
694 1508 836 1573 aediculis
854 1508 976 1576 deorum
993 1521 1086 1572 terra-

331 1645 396 1688 rum
420 1625 580 1701 canalium3
605 1622 725 1712 quando
749 1634 794 1710 est
812 1621 874 1687 dies
889 1626 1085 1710 panegyrium

331 1759 519 1826 magnarum,
549 1733 635 1824 (quo)
660 1739 843 1823 conspicitur
864 1735 939 1801 dens
961 1741 990 1801 in
1015 1737 1086 1804 cella

331 1875 385 1918 sua
399 1851 576 1929 venerabili,
601 1854 630 1915 in
652 1873 708 1916 suo
725 1851 772 1916 dic
788 1850 966 1916 ducentibus
982 1847 1084 1935 (enm),

331 1990 385 2055 per
406 1979 551 2032 statutum
566 1961 626 2049 (ut)
641 1965 693 2030 liat
708 1969 783 2031 visin
800 1949 949 2031 aediculae
965 1990 1087 2032 venera·

331 2081 400 2148 bilis
424 2082 471 2147 dei
495 2059 658 2158 manifesti,
682 2079 794 2145 domini
818 2084 932 2168 optimi,
955 2104 1021 2146 curn
1041 2086 1085 2160 iis,

289 2209 377 2284 atque
393 2191 451 2279 (ut)
468 2197 670 2283 distinguatur
691 2194 822 2260 aedicula
839 2195 911 2261 haec
925 2199 954 2259 in
971 2209 1087 2284 tempus

333 2361 424 2377 ......
449 2312 514 2378 Lin.
530 2311 580 2377 IX.
722 2313 788 2375 auri
805 2331 896 2397 supra
914 2311 991 2376 banc
1007 2311 1087 2376 acdi-

332 2427 426 2492 culam

291 2770 328 2836 ad
341 2771 559 2836 similitudinem
572 2773 731 2859 insignium
747 2773 896 2858 regiorum
909 2770 996 2847 laeta,
1014 2792 1089 2858 quae

334 2900 405 2952 sunt
427 2909 519 2975 snpra
542 2886 705 2964 aediculas3
729 2889 769 2951 sit
783 2886 918 2954 diadema
934 2890 964 2951 in
980 2886 1088 2963 medio,

335 3005 405 3090 quia
427 3005 568 3068 sanctitas
592 3001 693 3066 divina
716 2999 852 3089 fulgebat
873 3023 909 3066 cc
930 3005 1043 3066 intrans
1059 3005 1088 3065 in

265 3161 266 3164 =
336 3117 457 3182 domum
481 3117 527 3182 dei
550 3116 628 3182 Ptah
653 3138 743 3205 quum
766 3117 863 3193 lieret,

291 3361 328 3414 ut
353 3348 496 3413 darentur
523 3346 565 3410 illi
596 3347 773 3411 caerimonia
804 3344 925 3432 quando
948 3367 1003 3410 rex
1024 3347 1090 3410 iniit

334 3464 476 3552 templum
506 3462 543 3526 ad
571 3458 770 3548 accipiendam
799 3471 975 3546 potestatem
1004 3481 1088 3523 suam

335 3601 486 3667 magnam
515 3598 570 3664 per
599 3587 759 3650 statutum,
791 3587 825 3638 ut
853 3573 941 3638 detur
969 3576 998 3636 in
1020 3573 1088 3637 loco

334 3695 482 3782 superiori
504 3692 670 3778 tetragoni,
695 3688 776 3777 qnod
801 3700 846 3754 est
868 3690 945 3752 eirca
968 3687 1023 3752 has
1039 3709 1090 3751 co-

334 3831 424 3873 ronas
446 3811 477 3873 in
501 3806 597 3872 medio
621 3803 794 3868 diadematis
817 3803 906 3888 hujus
929 3835 939 3867 .·
946 3848 1085 3868 .........

334 3924 399 3990 Lin.
415 3922 455 3988 X.
581 3932 702 3995 ornata,

291 4051 449 4128 apparet
472 4031 1001 4110 hicdnminusdiadematum‚
1026 4034 1087 4120 qui

335 4153 427 4219 lecit
455 4153 644 4217 illustrem
672 4149 885 4237 Aegyptum
915 4150 1087 4235 superin-

335 4291 406 4336 rem
436 4280 471 4332 et
492 4266 721 4331 interiorem.
769 4263 857 4346 Quod
881 4263 944 4328 dies
966 4263 1089 4327 ultimus

336 4387 443 4450 mensis
467 4382 565 4470 quarti
588 4379 791 4444 inundationis
815 4379 996 4465 tempestatis
1014 4375 1091 4459 (Me-

336 4496 416 4581 snre)
440 4497 503 4562 dies
527 4496 678 4560 natalitius
701 4493 748 4558 dei
768 4493 841 4560 boni
856 4516 973 4581 semper
988 4494 1091 4556 viven-

336 4617 390 4690 tis,
415 4615 466 4701 qui
486 4614 666 4676 constitutus
682 4621 727 4674 est
741 4631 795 4697 per
810 4612 984 4696 panegyrim
1000 4620 1089 4694 atque

336 4726 443 4794 lestnm
467 4730 498 4791 iu
521 4725 629 4789 divinis
645 4724 762 4811 templis
773 4725 835 4810 jam
853 4737 953 4798 antea,
978 4725 1090 4809 pariter

336 4856 430 4930 atque
448 4841 510 4906 dies
534 4839 665 4904 decimus
683 4842 825 4926 septimus
844 4841 951 4902 mensis
967 4836 1089 4902 secundi

336 4960 419 5023 verni
441 4957 584 5043 temporis
607 4947 801 5041 (Paophi),¹)

1139 820 1204 887 Lin.
1221 819 1275 886 41.
1314 821 1495 906 νηγιίρεσιν·
1524 818 1726 906 ἱδρύσασθαι
1755 822 1792 887 δὲ
1812 824 1942 906 βασιλετ

1183 934 1377 1022 Πτολεμαίῳ
1395 935 1468 1023 θεῷ
1482 932 1656 1022 Ἐπιφανετ
1675 933 1871 1025 Εὐχαρίστῳ,
1894 941 1938 1027 τῷ

1184 1049 1220 1130 dy
1246 1049 1404 1133 βασιλέως
1433 1048 1641 1135 Πτολεμαίου
1673 1057 1729 1115 καί
1754 1052 1940 1140 βασιλίσσης

1177 1161 1346 1251 Ἀρσινόης
1374 1149 1466 1231 θεῶν
1494 1164 1729 1252 Φιλοπατόρων
1758 1164 1880 1246 ξόανόν
1906 1191 1940 1232 τε

1184 1284 1238 1343 καλ
1261 1279 1341 1346 ναὸν
1363 1276 1517 1363 χρ[υσοῦν
1538 1279 1575 1344 ἓν
1597 1277 1719 1368 ἑκάστῳ
1741 1283 1818 1359 τῶν]

1139 1396 1205 1460 Lin.
1221 1393 1274 1459 42.
1310 1390 1420 1479 ἲερῶν·
1443 1400 1499 1459 καὶ
1512 1395 1711 1482 καθιδρῦσαι
1726 1396 1761 1463 ἐν
1775 1407 1843 1474 τοϊς
1857 1395 1939 1463 aidri-

1183 1530 1250 1583 τοις
1278 1506 1360 1592 μετὰ
1381 1509 1446 1574 τῶν
1469 1507 1579 1573 ἄλλων
1600 1487 1704 1575 ναῶν·
1735 1517 1789 1576 καλ
1811 1511 1848 1578 ἐν
1869 1523 1940 1588 τατς

1184 1621 1340 1706 μεγάλαις
1360 1623 1581 1710 πανεγῶρεσιν,
1604 1623 1640 1690 δν
1655 1621 1707 1700 αἷς
1721 1623 1862 1703 ἕξοδεῒαι
1876 1627 1941 1691 τῶν

1184 1737 1274 1802 ναῶν
1289 1741 1443 1817 γίνονται,
1466 1743 1521 1802 καὶ
1544 1736 1600 1804 τὸν
1621 1740 1680 1803 τοῦ
1700 1741 1786 1803 θεοῦ
1802 1737 1940 1828 Ἐπιφα-

1185 1853 1260 1928 νοῦς
1283 1849 1497 1937 Εδ[χαρίσιου
1518 1851 1599 1919 ναὸν
1621 1851 1726 1936 συνε-]

1141 2198 1206 2264 Lin.
1223 2195 1276 2264 43.
1315 2197 1477 2277 ξοδεύειν·
1506 2198 1594 2275 ὅπως
1624 2195 1654 2263 δ
1675 2197 1812 2285 εὔσημος
1840 2195 1940 2291 ᾖνῦν

1184 2334 1219 2375 τε
1241 2317 1295 2376 καί
1322 2312 1367 2388 είς
1392 2309 1449 2378 τὸν
1470 2310 1582 2378 ἔπειτα
1602 2313 1729 2397 χρόνον,
1756 2312 1941 2378 δπικείσδαι

1184 2428 1229 2512 τῷ
1257 2426 1327 2513 ναῶ
1354 2425 1413 2502 τὰς
1440 2428 1498 2492 ταῶ
1525 2425 1683 2509 βασιλέως
1703 2433 1824 2512 χρυσᾶς
1845 2430 1940 2510 βασι-

1185 2539 1274 2617 λείας
1290 2540 1370 2605 δέκα
1372 2589 1385 2618 ,
1408 2538 1460 2617 αίς
1473 2543 1691 2625 προςκείσεται
1704 2538 1801 2617 δσπλς
1817 2538 1940 2624 [καβά-

1185 2678 1245 2743 περ
1268 2660 1323 2719 καὶ
1345 2654 1397 2720 ἐπί
1420 2653 1545 2738 πασῶν]

1142 2772 1207 2836 Lin.
1231 2770 1285 2836 44.
1331 2769 1397 2836 τῶν
1425 2765 1643 2838 δσναδοειδῶν
1674 2770 1848 2854 βασιλειῶν
1875 2772 1941 2838 τῶν

1187 2884 1240 2950 ἐπὶ
1262 2886 1328 2950 τῶν
1350 2883 1460 2949 ἄλλων
1482 2886 1585 2950 ναῶν·
1615 2882 1704 2949 ἔσται
1727 2881 1760 2950 δ’
1776 2883 1884 2951 αῧτῶν
1905 2884 1942 2953 ἐν

1187 3004 1233 3088 τῷ
1254 3004 1340 3088 μέσῳ
1363 2997 1383 3086 ἢ
1403 2999 1584 3085 καλουμένη
1600 3000 1750 3083 βασιλεία
1768 3005 1941 3082 ,,Ψχεντ”,

1187 3113 1227 3201 ἢν
1249 3117 1463 3200 περιθέμενος
1484 3112 1635 3200 είςῆλβεν
1653 3115 1700 3191 είς
1713 3115 1750 3181 τὸ
1766 3115 1802 3182 ἓν
1817 3119 1941 3202 Μέμφ-

1189 3226 1229 3312 [ει
1251 3226 1347 3314 ἱερὸν,
1369 3217 1515 3305 ὅπωςέν
1537 3225 1627 3317 αὐτῷ
1647 3228 1736 3314 συν-]
1825 3231 1827 3236 ’

1142 3345 1207 3410 Lin.
1224 3342 1278 3409 45.
1313 3343 1453 3435 τελεσθῇ
1479 3340 1521 3407 τὰ
1548 3343 1740 3429 νομιζόμενα
1767 3347 1806 3437 τῇ
1832 3369 1941 3432 παρα-

1186 3457 1288 3546 λήψει
1309 3459 1365 3546 τῆς
1380 3457 1561 3542 βασιλείας·
1585 3459 1752 3525 ἐπιθεῖναι
1766 3460 1804 3525 δὲ
1818 3466 1873 3525 καλ
1887 3460 1940 3525 tut

1186 3573 1245 3638 ταῶ
1271 3578 1345 3658 περὶ
1366 3571 1424 3649 τὰς
1449 3572 1615 3656 βασιλείας
1636 3575 1837 3659 τετραγώνου
1858 3573 1942 3639 κατὰ

1187 3687 1223 3751 τὸ
1262 3690 1495 3774 προειρημένον
1533 3685 1698 3768 βασίλειαν
1737 3687 1941 3775 φυλακτήρια

1187 3799 1305 3886 χρυ[σᾶ
1328 3802 1423 3879 δέκα,
1446 3797 1493 3876 οίς
1515 3799 1779 3887 δμγραῳδησεται
1800 3801 1850 3886 δ-]

1139 3999 1207 4098 [in.
1224 4030 1278 4097 46.
1314 4054 1344 4095 τι
1359 4029 1445 4096 ἐστίν
1466 4030 1536 4096 ταῶ
1556 4029 1752 4116 βασιλέως
1769 4033 1838 4097 ταῶ
1853 4031 1939 4098 ἐπι-

1187 4145 1294 4233 φανῆ
1310 4148 1550 4232 ποιησαντος
1566 4143 1634 4233 την
1650 4168 1690 4210 τε
1712 4146 1792 4210 ἄνα
1807 4147 1940 4233 χῶραν

1188 4258 1468 4348 catapersica·
1486 4258 1870 4347 καίέπείτὴντριακάδα
1884 4264 1942 4327 τοῦ

1188 4377 1338 4462 Menapi,
1366 4374 1403 4440 ἐν
1424 4369 1445 4467 ᾗ
1466 4377 1508 4440 τὰ
1527 4375 1684 4457 γενέθλια
1705 4377 1765 4441 τοῦ
1784 4376 1942 4459 βασιλέως

1189 4492 1316 4573 ἄγεται,
1345 4487 1464 4575 ὁμοίως
1493 4489 1530 4554 δὲ
1557 4495 1611 4554 καί
1639 4488 1709 4577 [τὴν
1736 4493 1795 4556 τοῦ
1818 4497 1941 4579 Μεχείρ

1188 4602 1488 4690 ἑπτακαιδεκάτηνῙ,

405 5113 424 5180 1)
450 5111 488 5166 Dc
512 5109 635 5183 singulari
660 5125 747 5163 errore
770 5107 819 5161 lroe
840 5105 915 5171 locc',
938 5123 1017 5178 qnnm
1031 5108 1132 5162 ,mensis
1151 5105 1272 5176 Paophi
1292 5123 1338 5176 prc
1357 5105 1478 5159 llcclrlr
1496 5107 1597 5177 positus
1617 5107 1665 5169 sit,
1688 5104 1720 5158 el.
1739 5103 1941 5175 Ghampellicnia

293 5201 429 5272 seriptum:
454 5216 500 5253 τοι·
522 5197 561 5252 lca
585 5199 672 5270 signes
697 5194 830 5268 emplnyc's
853 5213 899 5267 par
922 5194 960 5249 lea
985 5196 1086 5249 anricus
1104 5176 1248 5266 dgypttens
1272 5192 1286 5246 i
1304 5191 1328 5247 la
1347 5194 1463 5247 notatinn
1485 5193 1531 5247 des
1549 5193 1675 5246 divisione
1694 5192 1729 5246 du
1747 5200 1830 5264 temps
1849 5201 1896 5248 etc.
1915 5196 1941 5248 in

1603 5295 1620 5350 4
