4958 6458
1347 553 1372 642 6

533 785 795 886 conspiratione
830 782 1110 883 inscriptionum.
1164 782 1329 882 Exempli
1364 784 1479 882 gratia
1513 784 1548 856 in
1583 795 1737 857 mentem
1771 806 1945 858 revocare
1974 781 2081 858 velim
2108 785 2190 859 titu-

532 921 647 994 lorum
673 916 851 1005 tabulam,
880 940 988 1015 quam
1017 916 1050 990 in
1080 929 1310 990 monumento
1339 914 1497 1015 quodam
1514 901 1556 989 in
1575 913 1754 990 Philarum
1773 914 1890 990 insulo
1908 929 2051 1016 reperto
2070 916 2189 992 detexi

533 1054 705 1151 cujusque
739 1048 924 1149 exemplar
954 1049 989 1122 in
1025 1046 1118 1123 libro
1155 1071 1265 1147 supra
1299 1048 1407 1123 allato
1436 1049 1525 1124 Tab.
1548 1048 1596 1123 lV
1629 1048 1678 1122 lit.
1698 1048 1738 1123 A.
1773 1046 1960 1123 delineari.
2015 1051 2113 1124 Haec
2139 1051 2191 1124 in-

533 1185 678 1284 scriptio
712 1180 956 1281 hieroglyphis
996 1194 1145 1256 exarata
1179 1205 1222 1256 eo
1258 1183 1372 1281 magis
1406 1181 1475 1256 hoc
1508 1179 1588 1255 loco
1624 1180 1763 1255 citanda
1797 1191 1869 1268 est,
1911 1182 2011 1280 quod
2045 1181 2191 1259 cosdem

532 1317 689 1392 honores
715 1314 910 1392 Ptolemaei
932 1312 1124 1413 llpiphanis
1153 1326 1261 1412 atque
1289 1313 1553 1412 inscriptiones,
1582 1312 1626 1388 dc
1655 1313 1786 1412 quihus
1815 1314 1971 1411 agimus,
1999 1317 2190 1410 enarravit.

533 1451 658 1549 Neque
690 1449 808 1523 minus
843 1445 970 1522 deinde
993 1428 1051 1520 'ad
1085 1446 1287 1544 opinionem
1322 1445 1393 1520 duo
1422 1446 1565 1521 decreta
1590 1469 1739 1545 prorsus
1768 1444 1893 1521 eadem
1921 1469 2002 1522 esse
2027 1446 2190 1555 hoo'nos

535 1581 664 1657 ducere
699 1593 836 1680 potest,
870 1578 970 1678 quod
1004 1579 1113 1653 series
1150 1577 1387 1653 sacerdotum
1411 1591 1519 1678 atquc
1557 1579 1626 1654 alia
1659 1579 1694 1653 in
1729 1579 1838 1654 initio.
1856 1577 2080 1654 decretorum
2107 1593 2190 1678 post

395 1807 398 1812 ι
534 1713 658 1790 titulos
689 1711 883 1790 Ptolemaei
915 1709 1107 1810 Epiphanis
1148 1712 1182 1785 in
1222 1725 1374 1810 utraque
1408 1712 1637 1810 inscriptione
1671 1710 1856 1810 quadrent.
1911 1713 2048 1787 Etenim
2084 1714 2191 1788 etiam

535 1847 603 1921 hoc
638 1845 764 1921 eodem
796 1846 957 1919 instituto
991 1841 1243 1918 declarandum
1271 1857 1344 1931 cst,
1381 1868 1454 1942 quo
1483 1843 1624 1919 decreta
1652 1842 1796 1943 publica
1823 1844 1870 1917 ab
1897 1843 2021 1920 iisdem
2051 1868 2191 1944 semper

535 1978 696 2054 formulis
737 1977 832 2078 apud
868 1975 1066 2076 Aegyptios
1102 1974 1261 2074 quidem,
1304 1999 1396 2075 quae
1432 1990 1487 2052 est
1520 1976 1624 2074 hujus
1660 1977 1776 2074 gentis
1811 1990 1939 2051 natura
1972 1990 2007 2051 et
2041 1975 2189 2065 indoles,

535 2111 751 2210 longissimis
784 2120 820 2184 ct
854 2109 1076 2208 gravissimis
1109 2109 1263 2206 incipere
1298 2107 1487 2183 debebant.
1542 2108 1645 2206 Quod
1660 2103 1661 2106 '
1679 2121 1813 2208 quanta
1845 2108 1953 2184 fuerit
1980 2110 2189 2184 auctoritate

535 2244 666 2343 papyri
694 2241 867 2317 demotice
895 2241 1033 2315 exarati
1060 2253 1270 2337 argumento
1299 2263 1379 2314 esse
1406 2253 1575 2339 possunt,
1604 2241 1666 2339 qui
1693 2239 1817 2315 eadem
1844 2241 1943 2316 initia
1969 2241 2048 2340 lege
2074 2243 2189 2341 patria

535 2377 756 2474 praescripta
791 2375 839 2448 inw
864 2396 1004 2447 summa
1037 2395 1178 2471 papyro
1213 2371 1386 2470 praebere
1420 2383 1541 2444 notum
1577 2386 1641 2446 est.
1695 2373 1759 2445 His
1795 2373 1901 2469 igitur
1935 2374 2040 2447 initiis
2072 2374 2189 2448 missis

534 2508 638 2582 lactis
665 2518 794 2594 restat,
823 2516 862 2579 ut
889 2504 1089 2578 accuratius
1117 2501 1456 2601 reliquampartem
1484 2502 1721 2602 inscriptionis
1742 2503 1914 2580 Philensis
1936 2506 2189 2580 examinemus.

537 2638 704 2738 Singulos
739 2637 882 2712 ordines
924 2634 1147 2712 sacerdotem
1188 2636 1292 2710 sicuti
1325 2636 1361 2709 in
1396 2633 1513 2734 lapide
1548 2635 1746 2711 Rosettano
1780 2649 1972 2736 postquam
2007 2639 2188 2737 inscriptio

413 2799 415 2803 ·
537 2771 648 2847 altera
676 2770 915 2855 enumeravit,
944 2769 1046 2865 signa
1073 2766 1356 2866 hieroglyphice,
1386 2791 1479 2865 quae
1508 2780 1714 2864 sequuntur,
1743 2793 1852 2868 quum
1877 2768 2013 2844 lacunis
2032 2782 2191 2845 scateant

538 2903 584 2978 ad
620 2914 760 2978 textum
787 2899 1002 2974 demoticum
1030 2911 1252 2972 recurrentes
1281 2896 1474 2972 edocemur
1507 2900 1769 2975 sacerdotes
1802 2901 2049 2999 reliquisse
2082 2915 2189 2976 tem-

536 3034 612 3134 pla
637 3032 833 3132 Aegypti
863 3031 1116 3128 superioris
1145 3041 1187 3104 et
1210 3029 1446 3104 inferioris
1474 3019 1709 3129 profectos
1737 3033 1967 3133 Memphim
1997 3033 2189 3133 adpone

539 3163 851 3244 collocandum
881 3162 1077 3238 statuam
1105 3162 1354 3237 confectam
1381 3164 1512 3237 uxori
1539 3175 1582 3238 et
1609 3166 1756 3239 sorori
1783 3167 1882 3263 ejus
1910 3166 2189 3258 (Ptolemaei)
2256 3235 2258 3240 .

538 3302 581 3374 in
615 3296 783 3396 templo
816 3293 1093 3394 Memphidis.
1147 3297 1264 3370 Locus
1289 3297 1492 3394 Lepsium
1527 3297 1666 3394 effugit,
1703 3299 1738 3371 in
1771 3296 1890 3373 libello
1924 3300 2016 3374 enim
2044 3301 2081 3374 P.
2108 3323 2189 3398 pag.

537 3432 650 3508 XVlll
685 3429 777 3504 inira
810 3428 975 3527 legimus:
1010 3451 1084 3502 von
1114 3426 1180 3502 den
1211 3429 1365 3502 Worten
1397 3435 1443 3510 sir
1472 3438 1611 3521 Μέμφιν
1644 3453 1688 3504 an
1723 3430 1819 3505 wird
1855 3430 1918 3505 der
1951 3429 2189 3506 Philensische

538 3566 633 3640 Text
658 3560 866 3637 liickenhalt
893 3559 966 3634 und
993 3559 1111 3635 macht
1139 3560 1194 3636 die
1217 3559 1476 3659 Vergleichung
1502 3561 1565 3635 mit
1591 3562 1672 3636 Z.8
1702 3561 1765 3637 des
1793 3562 2036 3662 griechischen
2055 3566 2189 3640 Textes

538 3695 720 3783 unsicher;
748 3692 842 3769 dann
864 3691 957 3791 lolgt
975 3692 1115 3768 wieder
1135 3691 1303 3769 wdrtlich
1325 3695 1388 3767 mit
1409 3693 1595 3792 geringen,
1623 3718 1704 3769 zum
1725 3694 1827 3770 Theil
1848 3694 1957 3770 durch
1980 3695 2047 3771 den
2069 3696 2189 3772 demo-

537 3828 674 3904 tischen
701 3829 796 3904 Text
822 3851 867 3902 zu
895 3826 1140 3924 ergdnzenden
1167 3824 1505 3925 Unterbrechungen
1536 3827 1617 3902 z.9
1646 3827 1720 3902 und
1738 3828 1879 3927 Anfang
1900 3832 1949 3904 10
1971 3831 2097 3921 Ἐπειδὴ
2120 3850 2216 3900 ιιωι.Ι

539 3964 636 4060 Quae
655 3961 841 4059 Lepsius
870 3958 913 4033 dc
941 3957 1076 4034 lacunis
1096 3971 1222 4035 textus
1238 3958 1496 4058 hieroglyphici
1513 3958 1695 4058 praefatus
1716 3972 1788 4048 est,
1815 3962 1866 4035 ita
1884 3983 1970 4035 sane
1990 3983 2028 4035 se
2047 3959 2189 4048 hahent,

539 4117 648 4192 quum
682 4104 800 4167 autem
828 4090 981 4189 exempli
1009 4090 1174 4166 demotici
1200 4114 1285 4191 pars
1311 4091 1532 4189 respondens
1561 4089 1711 4166 edoceat
1737 4091 1924 4168 dissimiles
1952 4092 2127 4166 hocloco
2155 4107 2190 4167 et

538 4225 803 4324 inscriptionem
828 4224 1060 4299 Rosettanam
1089 4234 1125 4296 et
1149 4221 1346 4298 Philensem
1375 4223 1567 4298 sententias
1595 4223 1744 4312 referre,
1772 4249 1888 4300 nonne
1915 4225 1985 4302 hoc
2012 4227 2118 4300 etiam
2146 4224 2189 4298 dc

540 4369 640 4431 textu
675 4354 943 4454 hieroglyphice
979 4352 1261 4429 contendendum
1297 4356 1374 4429 cst?
1415 4355 1519 4430 Nono
1551 4356 1644 4430 enim
1671 4381 1765 4430 anno
1793 4357 2013 4457 Epiphanem
2039 4358 2073 4430 in
2102 4369 2189 4430 tem-

539 4488 639 4587 plum
656 4487 808 4564 Vulcani
825 4485 1028 4585 Memphidc
1054 4487 1206 4561 intrasse
1233 4485 1280 4560 ad
1307 4486 1531 4563 absolvenda
1558 4488 1773 4569 caerimonia
1799 4490 2090 4589 inaugurationiS,
2119 4513 2190 4588 qua

541 4621 730 4695 occasione
763 4619 968 4694 sacerdotes
1002 4617 1159 4718 undiquc
1191 4619 1341 4718 proiecti
1375 4619 1569 4695 secundum
1598 4620 1778 4696 decretum
1807 4646 1993 4698 commune
2019 4624 2191 4720 imagines

542 4766 577 4828 et
605 4751 753 4827 sacellas
780 4753 816 4826 in
844 4751 975 4850 templo
1005 4750 1255 4842 collocassent,
1283 4753 1467 4852 inscriptio
1485 4753 1682 4828 Rosettana
1708 4755 1899 4828 memoriae
1925 4753 2085 4842 tradidit,
2111 4753 2191 4828 Phi-

541 4886 650 4960 lensis
677 4883 745 4958 hos
773 4883 919 4959 eosdem
947 4883 1103 4958 honores
1131 4886 1323 4983 contigisse
1349 4886 1456 4959 uxori
1481 4885 1576 4984 regis
1605 4884 1814 4983 Cleopatrae
1842 4908 1936 4960 anno
1956 4885 2039 4961 XXl
2049 4880 2070 4959 ⁰.
2116 4888 2191 4962 Hac

544 5017 681 5092 ratione
720 5014 859 5113 reliqua
898 5039 983 5114 pars
1027 5014 1159 5091 decreti
1191 5016 1363 5093 Philensis
1405 5019 1480 5092 sine
1513 5015 1584 5089 ulla
1621 5015 1826 5091 difficultate
1860 5016 2030 5116 explicari
2061 5031 2190 5116 potest.

544 5149 706 5222 Honores
742 5123 834 5222 enim
868 5159 908 5222 ut
941 5147 1049 5246 digna
1085 5159 1181 5223 esset
1215 5172 1307 5247 quae
1338 5146 1487 5223 haberet
1514 5147 1813 5246 quemadmodum
1841 5148 2083 5224 Ptolemaeum
2110 5152 2192 5247 lipi-
