4958 6458
1258 601 1448 690 ·2t

637 834 744 922 Apidis
756 835 883 897 viventis
899 844 929 896 et
943 829 1021 896 lacta
1035 844 1080 896 est
1092 827 1224 912 (domus)
1236 830 1391 918 splendida
1491 825 1659 912 ἱδρύσατο·
1698 825 1742 892 τα’
1772 851 1806 892 τε
1834 828 2055 914 προςδεόμενα
2084 829 2250 915 ἐπισκευῆς

636 971 690 1036 per
705 951 889 1014 sanctitatem
908 968 991 1011 suam
1011 948 1214 1010 exstructione
1231 941 1392 1027 (aedificio-
1490 937 1787 1029 πρδςδιωρόδσατο
1819 941 1904 1024 ἔχων
1931 945 2015 1008 θεοῦ
2050 940 2249 1029 εῦεργετικοῦ

636 1061 715 1146 rum)
744 1061 878 1127 conlecta
907 1064 937 1124 in
960 1060 1182 1147 pulchritudine
1206 1071 1235 1124 et
1257 1060 1391 1125 bonitate
1491 1056 1527 1123 ἐν
1549 1067 1616 1133 τοϊς
1639 1054 1827 1143 capranna
1849 1060 1894 1134 είς
1916 1056 1964 1142 τό]

637 1178 686 1242 illa
702 1172 756 1258 (et)
772 1175 969 1240 velaminibus
984 1177 1140 1263 pretiosis3
1165 1173 1233 1239 lecit
1248 1174 1392 1238 illustrem

638 1291 766 1379 Apidem
791 1290 931 1377 erigendo
955 1290 996 1354 illi
1013 1289 1118 1353 domos
1135 1288 1267 1364 divinas,
1292 1287 1393 1374 adyta,

638 1407 741 1471 altaria
767 1453 858 1470 ......

591 1523 660 1587 tm.
676 1521 714 1584 V.
855 1519 1055 1595 venerabiles,
1079 1521 1227 1582 imitantes
1250 1515 1396 1580 dederunt
1449 1519 1514 1584 Lin.
1532 1518 1585 1585 35.
1619 1521 1716 1583 δεϊον
1737 1517 1905 1584 διάνοιαν,
1930 1558 1965 1571 -
1993 1517 2250 1604 προσπονθανδ-

639 1640 665 1702 ei
690 1636 730 1700 dii
747 1631 801 1715 (et)
819 1633 891 1698 dean
914 1634 1071 1711 ditionem,
1096 1636 1267 1708 victoriam,
1292 1634 1393 1705 vitam,
1493 1633 1589 1717 μενός
1621 1655 1656 1696 τε
1684 1631 1726 1696 τὰ
1753 1632 1817 1697 τῶν
1846 1629 1941 1718 ἱερῶν
1968 1631 2145 1717 τιμιώτατα
2172 1630 2249 1698 δνο-

639 1749 855 1826 valetudinem‚
885 1747 981 1814 robur
1007 1760 1037 1812 et
1059 1750 1158 1812 omnia
1182 1746 1236 1810 alia
1260 1744 1340 1810 hona
1365 1747 1395 1808 in
1493 1749 1607 1814 νεοῦτο
1636 1746 1689 1812 ἐπὶ
1718 1748 1772 1833 τῆς
1795 1745 1913 1812 ἑαυτοῦ
1934 1747 2101 1830 βασιλείας
2124 1745 2166 1824 ὥς
2189 1771 2249 1811 κα-

640 1863 843 1952 magnitudine
866 1884 986 1940 eorum,
1493 1863 1608 1948 θὴκει·
1638 1859 1720 1927 ἄνθ’
1738 1857 1784 1928 ὦν
1807 1859 1989 1928 δεδώκασιν
2010 1860 2099 1949 αὐτῷ
2120 1859 2152 1927 οἳ
2173 1867 2251 1927 deni

1494 1975 1633 2057 ὑγίειαν,
1660 1980 1766 2062 νίκην,
1794 1971 1912 2061 κρότος
1935 1983 1989 2041 καὶ
2010 1975 2104 2042 τᾶλλ’
2120 1974 2251 2063 δγαιῆὰ

1496 2090 1616 2175 πάντα]

597 2221 632 2274 ut
657 2220 791 2295 potestas
819 2208 884 2293 ejus
909 2228 1013 2294 magna
1037 2218 1154 2271 maneat
1176 2204 1256 2292 apud
1279 2225 1345 2268 eum
1369 2216 1399 2267 et
1453 2209 1517 2273 Lin.
1539 2205 1592 2273 36.
1636 2205 1694 2294 ,τῆς
1726 2205 1893 2289 βασιλείας
1923 2206 2135 2293 διαμενούσης
2162 2203 2251 2294 αὐτῷ

642 2323 752 2387 liberos
782 2323 846 2408 ejus
876 2342 999 2408 semper.
1047 2320 1147 2406 Atque
1175 2317 1295 2382 fortuna
1318 2316 1398 2381 bona
1495 2326 1550 2385 acal
1576 2331 1644 2398 τοϊς
1670 2323 1792 2395 τέκνοις
1819 2321 1865 2397 είς
1891 2319 1948 2388 τὸν
1974 2322 2107 2388 ἅπαντα
2132 2323 2251 2408 χρόνον

641 2441 697 2502 ivit
719 2440 749 2501 io
774 2458 827 2500 cor
849 2436 1037 2500 sacerdotum
1065 2434 1243 2520 templorum
1265 2433 1398 2519 Aegypti
1495 2466 1540 2480 -
1566 2431 1753 2502 ἈΓΛΘΗΙ
1783 2440 1932 2500 ΤΥΧΗΙ
1959 2470 2003 2484 --
2038 2435 2153 2515 ἔδοξεν
2184 2446 2251 2511 τοϊς

642 2554 805 2639 superioris
829 2561 859 2614 et
880 2547 1029 2613 inferioris
1052 2547 1214 2614 secundum
1233 2546 1399 2614 multitudi·
1497 2546 1615 2633 lupetius
1642 2550 1707 2615 τῶν
1733 2549 1816 2613 κατὰ
1837 2548 1895 2636 τὴν
1916 2551 2026 2635 χώραν
2047 2548 2142 2637 ἱεροῦν
2164 2549 2250 2616 πόν-

642 2689 708 2731 nem
732 2687 834 2730 corum
859 2711 1000 2729 .........
1495 2685 1562 2729 των
1583 2663 1625 2727 τὰ
1647 2661 1837 2747 ῦπόρχοντα
1858 2662 1960 2748 τ[ίμια
1981 2665 2101 2750 πάντα]

1452 2780 1518 2844 Lin.
1536 2778 1589 2845 37.
1625 2780 1669 2866 τῷ
1691 2779 1851 2866 αίωνοβίῳ
1871 2779 2250 2869 βασιλεϊΠτολεμαίῳ

1497 2889 1693 2980 ἠγαπημένῳ
1722 2890 1785 2958 ὑπὸ
1807 2893 1865 2958 τοῦ
1888 2895 1971 2958 Φθᾶ
1995 2897 2067 2982 θεῷ
2083 2893 2254 2983 Ἐπιφανεϊ

1496 3004 1700 3095 Εὗχαρίστῳ,
1723 3005 1841 3091 ὁμοίως
1864 3008 1902 3073 δὲ
1922 3013 1977 3072 καὶ
1996 3008 2037 3073 τὰ
2051 3011 2116 3076 τοῦν
2129 3015 2252 3092 γονέων

1498 3119 1598 3186 αὐτοῦ
1629 3122 1722 3186 θεῶν
1752 3122 2001 3208 Φιλοπατόρων,
2036 3131 2090 3188 καὶ
2118 3123 2160 3190 τὰ
2188 3128 2252 3190 τῶν

1498 3237 1668 3319 προγόνων
1688 3239 1780 3300 θεῶν
1803 3234 2013 3323 Εὕερήεαῦν,
2036 3246 2091 3303 καί
2113 3239 2164 3324 τὰ]

601 3356 665 3420 Lin.
684 3353 732 3418 Vl.
870 3364 901 3417 et
923 3351 990 3415 illos
1014 3349 1137 3416 deorum
1156 3348 1295 3415 Soterum
1318 3351 1401 3436 geni·
1454 3355 1519 3419 Lin.
1537 3352 1590 3418 38.
1625 3352 1689 3416 cciv
1717 3353 1810 3417 δετῦν
1827 3349 2013 3439 Ἆδελφῶν,
2041 3361 2095 3418 καὶ
2121 3354 2161 3419 τὰ
2188 3358 2251 3420 τῶν

648 3481 747 3534 torum
769 3479 887 3554 patrum
907 3487 1009 3532 eorum
1025 3487 1079 3552 per
1094 3466 1201 3552 legem,
1226 3476 1261 3528 ut
1276 3463 1401 3528 colloce-
1497 3468 1590 3532 θεῶν
1604 3467 1764 3554 Σωτήρων
1785 3465 1938 3546 imorem
1956 3468 2118 3552 μεγάλως·
2141 3474 2252 3557 στῆσαι

649 3597 697 3648 tur
719 3585 817 3669 imago
841 3584 920 3669 regis
936 3580 1068 3668 Aegypti
1091 3580 1254 3666 superioris
1277 3590 1308 3643 et
1327 3575 1403 3641 iole·
1501 3581 1539 3647 δὲ
1553 3581 1611 3646 τοῦ
1626 3580 1801 3664 αῑωνοόίον
1820 3580 1978 3664 βασιλέως
1992 3583 2253 3669 Πτολεμαίου

646 3701 734 3762 rionis
758 3696 938 3777 (Ptolemaei
969 3697 1096 3759 viventis
1124 3716 1255 3781 semper,
1285 3691 1401 3756 aPtah
1499 3697 1585 3760 θεοῦ
1610 3693 1808 3781 Ἐπιφανοῦς
1834 3693 2036 3781 Εὖχαρίστοο
2068 3697 2179 3765 είκόνα
2216 3700 2252 3766 ἐν

646 3809 756 3892 amati)
780 3811 826 3877 dei
850 3810 1013 3887 manifesti,
1038 3799 1149 3875 domini
1174 3811 1293 3895 optimi,
1499 3806 1624 3898 ἑκάστῳ
1647 3806 1722 3898 {appi
1744 3809 1781 3876 ἐν
1802 3810 1846 3898 τῷ
1868 3807 2127 3902 ἐποφα[νεστότῳ
2141 3812 2251 3903 τόπος]

600 3941 635 3992 ut
658 3928 824 4015 appelletur
846 3947 953 3990 nomen
977 3925 1056 4010 ejus:
1080 3923 1321 3989 Ptolemaeus
1344 3921 1401 3986 ul·
1455 3927 1519 3992 Lin.
1552 3924 1605 3992 39.
1660 3925 1679 4011 ἢ
1717 3922 2062 4012 προςονομασδήμεται
2098 3929 2252 3995 Πτολε.

647 4056 705 4107 tor
726 4053 851 4106 terrac
870 4040 953 4127 Ug'a
978 4039 1009 4120 (i.
1028 4037 1067 4118 ο.)
1084 4038 1203 4103 videtur
1219 4041 1245 4102 is
1264 4040 1314 4124 qui
1329 4036 1401 4101 Pto·
1500 4043 1623 4124 μαίον
1651 4039 1720 4103 τοῦ
1748 4038 2027 4123 ἐπαμύνοντος
2057 4043 2103 4133 τῇ
2129 4045 2253 4125 Αἰγῦ-

645 4156 773 4219 lemaeus
798 4201 943 4219 .........
1501 4175 1595 4241 πτῳ,
1618 4149 1639 4245 ᾗ
1662 4153 1904 4240 conscenserat
1927 4151 2158 4241 δκοριοίτατος
2174 4159 2254 4236 θεὸς

1500 4269 1559 4332 τοῦ
1586 4265 1675 4352 ἱεροῦ
1702 4267 1814 4343 διδοὺς
1842 4265 1929 4356 αὐτῷ
1955 4269 2059 4335 ὅπλον
2086 4275 2254 4358 νικητικόν,

726 4379 773 4462 [ut
796 4379 965 4445 sacerdotes
988 4379 1155 4443 divinarum
1180 4378 1335 4444 domorum
1359 4376 1402 4461 in]
1501 4383 1524 4446 όὶ
1547 4380 1636 4446 ἔσται
1664 4380 1954 4467 κατεσκευασμέ[να
1975 4384 2033 4450 τὸν
2053 4387 2253 4472 Αἰγυπτίων]

471 4509 473 4514 “
604 4497 668 4561 Lin.
686 4495 747 4559 Vll.
782 4493 920 4559 domibus
943 4506 1039 4558 terrae
1057 4496 1151 4558 totius
1166 4497 1196 4558 in
1212 4495 1331 4558 nomine
1346 4515 1401 4558 suo
1457 4499 1522 4563 Liu.
1539 4497 1593 4563 40.
1628 4493 1766 4584 τρόπον·
1790 4502 1845 4561 καὶ
1860 4495 1934 4573 τοὺς
1947 4495 2042 4582 ἱερεῖς
2056 4501 2255 4585 θεραπεύειν

650 4609 760 4675 iaciant
780 4611 943 4673 ministeria
960 4609 1006 4672 his
1025 4609 1203 4696 imaginibus
1219 4609 1316 4674 tribus
1332 4612 1403 4674 vici·
1501 4609 1559 4687 τὰς
1581 4612 1707 4686 τλκόνας
1728 4615 1795 4698 τρὶς
1817 4611 1871 4697 τῆς
1891 4609 2024 4697 ἡμέρας,
2047 4620 2102 4677 καὶ
2116 4638 2255 4701 παρατι-

648 4725 706 4789 bus
724 4745 779 4810 per
795 4724 882 4800 diem,
902 4736 931 4788 et
946 4719 1004 4806 (ut)
1021 4722 1131 4789 saciant
1146 4723 1216 4789 dare
1231 4727 1342 4790 cultum
1359 4725 1404 4790 di·
1502 4728 1602 4792 δέναι
1625 4722 1739 4800 αδταϊς
1760 4722 1847 4809 ἱερὸν
1868 4725 1997 4809 κόσμον,
2019 4733 2073 4790 καὶ
2094 4729 2200 4794 τᾶλλα
2216 4731 2256 4795 τὰ

649 4843 750 4905 vinum
774 4861 865 4926 penes
889 4860 952 4915 eas,
978 4834 1035 4921 (ut)
1052 4839 1208 4927 perficiant
1226 4841 1403 4905 caerimonia
1502 4839 1696 4924 νομιζόμενα
1710 4837 1876 4904 σοντελεϊν
1891 4838 1984 4903 καθὰ
1998 4846 2053 4904 καὶ
2064 4852 2131 4919 τοϊς
2145 4844 2257 4921 ἄλλοις

648 4957 809 5020 constituta
839 4957 869 5017 in
898 4956 933 5018 iis
957 4953 1104 5030 colendis,
1136 4956 1224 5018 sicuti
1247 4955 1323 5019 fiunt
1346 4955 1401 5019 diis
1502 4959 1596 5030 δεοϊς
1617 4953 1654 5018 δν
1676 4950 1722 5033 [τε
1745 4951 1883 5037 ἑορταϊς,
1908 4958 1962 5017 καὶ
1985 4952 2063 5037 πα-]

648 5085 743 5158 terrae
773 5070 918 5134 canalium
945 5071 973 5132 in
997 5068 1202 5156 panegyribns
1226 5069 1400 5156 templorum

647 5200 791 5250 terrarum
816 5198 845 5249 et
868 5180 998 5267 die(bus)
1022 5183 1103 5248 lestis
