4958 6458
1042 646 1049 661 .
1097 575 1124 660 7

145 881 150 892 ,
279 803 433 904 phanem
460 804 510 878 ita
537 804 643 877 etiam
664 801 891 902 Cleopatram
916 800 1099 876 beneficiis
1127 804 1162 876 in
1190 801 1323 878 vallem
1348 801 1539 879 Niloticam
1568 803 1751 880 collocatis
1778 805 1871 882 bene
1900 833 1940 884 se

278 936 452 1011 meruisse
485 934 530 1010 de
556 935 724 1034 Aegypto
761 956 907 1008 necesse
941 933 1016 1008 tuit.
1072 936 1188 1033 Atque
1221 959 1380 1012 revera
1417 937 1519 1011 utin
1546 937 1711 1012 basanite
1738 938 1938 1016 Rosettano

279 1071 329 1145 ita
355 1070 391 1143 in
416 1067 570 1144 Philensi
596 1078 827 1141 monumento
855 1066 1041 1164 utriusque
1068 1065 1243 1142 beneficia
1271 1069 1455 1144 nominata
1482 1070 1748 1168 repperiuntur,
1786 1096 1937 1172 quarum

280 1226 339 1291 ea,
382 1224 475 1300 quae
516 1199 563 1276 ad
597 1197 838 1274 Ptolemaeum
879 1198 1073 1297 pertinent,
1113 1199 1239 1275 invisis
1279 1199 1393 1298 ipsius
1434 1205 1556 1276 textus
1591 1202 1715 1277 verbis
1750 1205 1804 1280 Lu
1810 1207 1937 1304 psius

274 1337 373 1434 justo
407 1333 488 1432 plus
521 1331 699 1406 deminuit.
753 1328 957 1407 Secundum
985 1331 1055 1406 viri
1083 1329 1279 1406 doctissimi
1306 1334 1554 1431 quaestionem
1582 1332 1755 1424 deloco,
1792 1334 1836 1412 de
1864 1349 1937 1436 quo

280 1468 436 1566 agimus,
463 1465 676 1552 institutam,
703 1461 811 1538 Philis
839 1461 925 1536 nihil
952 1461 1050 1537 aliud
1076 1476 1313 1539 memoratum
1340 1466 1489 1540 est'nisi
1515 1464 1758 1542 Ptolemaeum
1785 1469 1821 1543 in
1848 1482 1937 1545 tem·

179 1645 181 1650 =
279 1599 339 1698 pla
366 1610 401 1674 et
428 1595 633 1672 sacerdotes
660 1593 834 1670 beneficia
861 1593 1054 1670 contulisse
1083 1608 1118 1671 et
1146 1597 1287 1671 omissis
1315 1596 1464 1695 singulis
1490 1598 1600 1673 rebus
1626 1610 1666 1674 ut
1684 1600 1719 1674 in
1739 1601 1936 1677 Rosettano

279 1731 397 1831 lapide
422 1753 543 1828 regem
566 1728 737 1826 justitiam
765 1727 893 1802 fecisse
921 1739 962 1801 ut
987 1728 1203 1803 Mercurium
1229 1728 1286 1804 bis
1314 1753 1492 1829 magnum.
1549 1732 1641 1807 Tum
1669 1756 1839 1832 pergens:
1867 1735 1937 1810 Da·

280 1888 410 1964 gagen,
436 1863 567 1962 inquit,
593 1858 745 1936 werden
772 1859 848 1934 hier
876 1858 996 1935 diesen
1014 1860 1363 1961 Lobeserhebungen
1392 1862 1455 1938 des
1474 1861 1677 1939 Ptolema'us
1707 1866 1798 1939 noch
1821 1866 1936 1964 cinige

279 1997 338 2072 tur
364 1997 461 2071 seine
479 1995 575 2071 Frau
594 1993 790 2091 Kleopatra
815 1991 1066 2092 hinzugaliigt,
1093 1994 1234 2070 welche
1253 1994 1328 2069 sich
1347 1995 1413 2070 aui
1428 1993 1691 2095 Schenkungen
1710 2021 1756 2072 an
1775 1999 1935 2097 gewisse

281 2127 428 2227 Tempel
454 2126 625 2202 beziehen
645 2125 744 2225 (pag.
766 2128 844 2216 19).
889 2123 970 2199 lam
999 2126 1164 2225 exemplo
1192 2127 1369 2203 demotico
1387 2141 1619 2204 monumento
1639 2128 1811 2205 Philensis
1830 2153 1933 2205 accu-

280 2263 391 2337 ratius
426 2271 634 2359 comparato
669 2282 749 2332 cum
782 2255 899 2356 lapide
926 2257 1124 2334 Rosettano
1159 2261 1278 2335 omnia
1304 2260 1420 2335 verba
1452 2285 1568 2360 usque
1595 2260 1775 2337 adfinem
1804 2285 1935 2338 versus

281 2395 374 2470 sexti
401 2417 511 2492 quum
538 2392 574 2465 in
600 2389 660 2466 illo
689 2390 800 2466 affixo
830 2389 953 2480 tertiae
974 2414 1151 2489 personae
1170 2392 1359 2491 singularis
1379 2394 1516 2468 numeri
1533 2393 1719 2469 masculini
1737 2395 1877 2493 generis
1895 2394 1934 2483 F,

281 2527 417 2626 coptice
445 2548 487 2630 q,
514 2523 639 2599 muniti
667 2523 737 2597 sint
763 2521 840 2597 lieri
867 2547 937 2598 non
965 2537 1100 2622 potest,
1128 2525 1214 2623 quin
1241 2523 1288 2599 ad
1308 2547 1430 2622 regem
1447 2523 1689 2600 Ptolemaeum
1708 2549 1748 2602 sa
1765 2525 1930 2600 referant.

280 2661 397 2758 Atque
419 2673 551 2733 'revera
578 2679 690 2755 quum
717 2654 849 2731 similes
877 2656 1092 2745 dotationes,
1120 2639 1365 2743 remissiones,
1393 2654 1463 2730 alia
1479 2655 1516 2730 in
1535 2658 1743 2732 memoriam
1760 2670 1933 2735 revocent

281 2806 356 2867 tum
396 2789 442 2866 ad
476 2788 738 2864 similitudinem
769 2810 942 2886 passuum
977 2788 1202 2888 quorundam
1234 2788 1408 2862 basanitis
1441 2786 1629 2863 Rosettani
1664 2789 1747 2864 anni
1779 2789 1863 2864 XIX
1897 2802 1933 2864 et

281 2926 329 3001 lX
361 2922 500 3023 imperii
536 2921 642 3019 hujus
675 2918 868 2996 Ptolemaei
896 2919 1054 2997 dilucide
1089 2920 1240 2996 discerni
1274 2931 1437 3020 possunt.
1493 2920 1683 3020 Cleopatra
1716 2921 1841 3020 regina
1873 2920 1933 2996 bis
2051 2945 2052 2950 ¹

281 3069 418 3134 tantum
445 3055 648 3129 nominatur
675 3065 783 3152 atque
811 3053 925 3128 altero
951 3053 1032 3129 loco
1058 3054 1174 3128 verbo
1202 3053 1313 3128 affirm
1341 3077 1441 3153 pron.
1460 3054 1503 3129 lll
1529 3077 1622 3153 pers.
1640 3053 1730 3153 plur.
1758 3053 1931 3130 instructo

283 3189 386 3266 simul
413 3213 492 3264 cum
519 3187 648 3262 marito
674 3211 769 3284 rege.

388 3320 564 3397 Beneficia
591 3343 613 3392 a
639 3318 706 3393 diis
732 3318 976 3419 Epiphanibus
1010 3320 1044 3392 in
1072 3292 1270 3418 Aegyptios
1299 3317 1428 3394 collata
1453 3332 1646 3418 postquam
1673 3341 1769 3394 vers.
1796 3312 1853 3394 V⁰
1880 3319 1930 3393 in·

283 3455 483 3554 scriptionis
512 3452 731 3528 Rosettanae
766 3464 972 3528 enumerata
1006 3464 1106 3541 sunt,
1140 3450 1333 3540 formulae,
1367 3459 1461 3550 quae
1495 3464 1709 3551 sequuntur,
1743 3452 1929 3526 transitum

283 3587 460 3687 quendam
487 3596 616 3685 parant
643 3583 688 3659 ad
717 3583 896 3660 decretum
924 3585 1057 3684 ipsum:

233 3811 235 3814 .
344 3776 357 3814 t
493 3767 553 3813 θ’
625 3772 683 3821 7,8
823 3771 837 3811 0
903 3771 930 3810 1⁰
1041 3770 1067 3810 11
1128 3771 1156 3810 l!
1246 3771 1274 3811 1³
1445 3771 1478 3812 ld.
1642 3769 1670 3810 11
1771 3769 1798 3810 tt
1891 3769 1918 3808 17

312 3861 388 3936 ertA
463 3860 527 3935 nas
578 3856 722 3932 netcml
792 3855 863 3930 ken
892 3857 934 3932 i).
1006 3851 1094 3931 nas‘t
1120 3840 1160 3932 l).
1223 3851 1293 3930 Ans‘
1416 3849 1495 3955 Ag‘a
1611 3854 1700 3930 sneb
1754 3853 1818 3928 her
1884 3853 1923 3928 dt

282 3989 416 4047 dederunt
487 3990 510 4044 ei
632 3985 670 4042 dii
777 3984 956 4055 deditionem,
1004 3985 1163 4054 victoriam,
1210 3985 1312 4055 vitam,
1359 3982 1559 4052 valetudinem,
1607 3981 1707 4054 robur,
1769 3992 1796 4043 et
1875 3981 1929 4038 alia

1019 4125 1046 4166 ts
1156 4123 1184 4164 tt

997 4211 1067 4285 neb
1121 4208 1223 4283 noler

986 4340 1078 4397 omnia
1133 4336 1208 4396 bona

283 4540 374 4616 quae
407 4515 524 4591 verba
543 4525 748 4588 contextus
783 4535 933 4611 graecus
967 4510 1088 4611 paullo
1122 4510 1271 4598 brevius
1304 4509 1437 4586 reddit:
1473 4517 1652 4582 δεδώκασιν
1679 4511 1766 4603 αὐτῷ
1794 4511 1826 4579 ot
1852 4516 1929 4578 θεοὶ

280 4653 418 4736 ὑγίειαν,
446 4657 553 4739 νίκην,
582 4651 699 4740 κράτος
720 4655 775 4716 nat
796 4648 886 4716 edat
907 4648 1025 4732 ἀγαθὰ
1048 4643 1162 4736 (vers.
1182 4641 1350 4732 XXXV).
1405 4643 1469 4718 Vir
1496 4641 1711 4718 clarissimus
1738 4640 1927 4738 Lepsius

281 4793 375 4857 recte
401 4779 577 4855 observat
602 4778 694 4853 hanc
721 4775 916 4852 clausrdam
943 4777 978 4850 in
996 4775 1150 4852 Philensi
1176 4775 1404 4873 inscriptione
1431 4772 1549 4850 denuo
1577 4797 1657 4850 esse
1676 4773 1860 4871 repetitam
1878 4772 1927 4844 ita

281 4913 442 5012 quidem,
469 4924 509 4986 nt
537 4909 725 5009 Cleopatra
751 4909 856 4985 simul
884 4911 929 4985 sit
955 4907 1100 4984 inclusa.
1154 4910 1317 4985 Attamen
1346 4907 1477 5014 addere
1504 4907 1676 4982 debemus
1703 4903 1810 4981 Philis
1836 4904 1928 4978 inter

280 5045 411 5120 verba:
446 5042 620 5119 dederunt
648 5042 711 5132 dii,
739 5055 847 5142 atque
874 5065 986 5118 voces
1012 5043 1048 5117 in
1075 5038 1192 5139 lapide
1218 5041 1415 5116 Rosettano
1443 5040 1563 5115 statim
1590 5048 1795 5137 sequentes:
1830 5031 1926 5108 dedi·

280 5177 431 5266 tionem,
463 5175 669 5264 victoriam,
710 5174 797 5264 alia,
837 5175 1034 5274 longiorem
1067 5196 1213 5274 passum
1249 5196 1329 5249 esse
1364 5170 1625 5257 intercalatum,
1666 5169 1765 5265 cujus
1799 5189 1925 5242 sensus
