4958 6458
1370 589 1558 684 26,

571 849 638 894 ecce
665 849 726 915 quo
755 827 825 892 fecit
852 827 1046 902 caerimonia,
1076 846 1152 912 quae
1180 822 1369 910 pertinebant

615 942 652 1008 ad
684 946 798 1030 regium
832 941 939 1006 iestum
966 940 1129 1028 aecipiendi
1157 941 1272 1025 imperii
1300 939 1367 1002 ioco

614 1059 722 1145 patris,
751 1059 867 1121 initium
890 1069 975 1121 erant
997 1057 1128 1119 omnium
1152 1053 1277 1118 aliomm
1300 1049 1368 1135 [bo-

614 1193 721 1236 norum
745 1171 883 1236 omnibus
906 1170 1091 1245 hominibus,
1116 1172 1210 1256 igitur
1231 1167 1293 1233 dies
1317 1191 1369 1232 na·

613 1286 726 1351 talitius
750 1285 797 1350 dei
820 1284 966 1350 manifesti
988 1305 1104 1370 semper
1120 1287 1246 1348 viventis
1270 1296 1299 1348 et
1321 1305 1369 1348 ac·

615 1404 713 1488 ceptio
736 1402 815 1466 tituli
831 1402 930 1488 magni
946 1395 1022 1485 ejus]
1148 1398 1213 1463 Lin.
1229 1398 1280 1462 Xi.

614 1514 775 1592 fabricata,
792 1510 851 1597 (ut)
868 1518 955 1580 etiam
971 1514 1157 1579 celebrentur
1172 1513 1233 1577 dies
1250 1513 1290 1577 iiii
1308 1512 1370 1576 dies

614 1633 757 1717 septimus
788 1630 918 1695 decimus
946 1641 1035 1716 atque
1058 1629 1179 1692 ultimus
1203 1626 1266 1691 dies
1291 1629 1371 1690 omni

614 1765 713 1809 mense
742 1766 797 1831 per
823 1746 997 1831 panegyrim
1026 1745 1055 1806 in
1083 1745 1229 1807 universis
1252 1742 1369 1828 templis

615 1871 710 1922 terrae
734 1861 900 1945 sycomori;

570 1993 623 2059 per
645 1986 789 2037 statutum
812 1972 907 2037 iacere
931 1972 1106 2036 holocauste
1130 1985 1159 2036 et
1181 1971 1324 2036 sacrificia
1340 1985 1370 2036 et

614 2087 772 2152 libationes
806 2100 835 2152 et
868 2085 963 2151 iacere
998 2108 1085 2150 omne
1114 2086 1194 2151 aliud
1222 2099 1367 2151 statutum

614 2201 723 2266 iactum
752 2204 783 2265 io
810 2201 1013 2289 panegyribus
1042 2213 1071 2266 et
1100 2200 1181 2266 iestis
1208 2202 1264 2266 iilis
1288 2204 1367 2265 omni

613 2338 726 2393 mense,
754 2330 784 2381 et
807 2339 893 2381 omne
916 2315 997 2380 aliud
1021 2315 1129 2380 iactum
1153 2317 1183 2379 in
1207 2316 1253 2380 his
1276 2337 1367 2403 pane-

611 2431 738 2519 gyribns
756 2426 814 2514 (ut)
836 2431 889 2496 fiat
903 2443 938 2496 ut
953 2432 1159 2517 uuusquisque
1175 2430 1303 2496 celebret
1317 2431 1366 2494 iiia

568 2546 724 2633 intemplo
858 2546 922 2611 Lin.
938 2546 1001 2611 xit.
1027 2540 1093 2632 [per
1108 2557 1267 2622 statutum,
1292 2546 1367 2610 ceie-

611 2661 699 2726 brare
729 2664 902 2748 panegyrim
926 2674 955 2725 et
978 2660 1084 2726 festum
1108 2664 1137 2724 in
1161 2662 1278 2747 templis
1299 2664 1367 2724 uni-

611 2778 705 2839 versis
721 2779 814 2840 totius
830 2777 962 2863 Aegypti
978 2780 1040 2862 regi
1057 2777 1188 2862 Aegypti
1203 2776 1366 2862 superioris

613 2903 643 2954 et
664 2888 828 2966 inferioris,
852 2891 913 2954 filio
930 2886 1021 2970 Solis]
1046 2889 1229 2969 (Ptolemaeo
1253 2909 1369 2975 semper

613 3005 724 3067 viventi
741 3003 845 3068 aPtah
861 3003 973 3082 amato)
990 3002 1046 3067 deo
1063 3003 1228 3079 manifesto,
1247 2995 1367 3067 domino

613 3121 742 3204 optimo,
768 3119 919 3181 annuatim

569 3230 637 3296 inde
666 3255 684 3296 a
719 3235 815 3318 primo
848 3232 930 3297 bono
960 3231 1008 3297 dic
1037 3234 1123 3318 primi
1152 3235 1259 3297 mensis
1289 3236 1368 3297 veris

613 3343 741 3427 (Thoth)
773 3367 869 3433 nsque
898 3346 936 3411 ad
965 3346 1222 3435 quintumdiem,
1258 3348 1367 3436 quibus

613 3483 739 3525 coronas
769 3459 910 3538 habent‚'
928 3465 979 3549 qui
1009 3462 1160 3527 celebrant
1181 3467 1365 3552 panegyrim,

612 3572 756 3664 (erigunt)
784 3577 901 3654 alteria,
932 3576 1044 3642 iaciunt
1071 3578 1215 3643 sacrificia
1242 3591 1271 3643 et
1292 3579 1367 3643 iiba-

611 3694 707 3758 tionee
731 3713 877 3779 omneque
902 3692 982 3757 alind
998 3675 1208 3758 caerimoniam
1223 3693 1365 3771 faeien‘di3

611 3803 669 3889 (ut)
694 3807 862 3872 sacerdotes
886 3808 1062 3894 templorum
1086 3812 1115 3872 in
1140 3812 1236 3896 portis
1259 3808 1365 3874 domus

611 3925 703 3986 totius
728 3936 822 3987 terrae
845 3925 875 3985 in
900 3927 1018 3988 nomine
1035 3943 1096 3988 'suo
1122 3927 1311 3988 nominentur

566 4037 729 4123 prophetae
753 4037 800 4101 dei
824 4036 984 4115 manifesti,
1010 4038 1121 4102 domini
1144 4041 1264 4125 optimi,
1288 4039 1366 4103 uitra

612 4153 730 4216 titulum
766 4151 969 4229 sacerdotum,
1008 4155 1059 4239 qni
1094 4166 1139 4217 est
1171 4153 1229 4216 iiiis
1264 4149 1365 4240 [atque

611 4260 759 4346 scribant]
781 4313 855 4330 .....

567 4609 630 4675 Lin.
646 4611 720 4675 Xlil.
849 4610 968 4675 titulum
991 4610 1179 4676 sacerdotum
1203 4610 1249 4676 dei
1273 4614 1365 4676 mani-

610 4725 692 4801 festi,
723 4725 835 4790 domini
860 4728 979 4813 optimi,
1005 4729 1034 4791 in
1056 4727 1184 4814 sigilium
1208 4751 1327 4804 manus,
1344 4722 1364 4811 ¹)

610 4863 677 4905 ecoe
699 4841 752 4905 liat
775 4843 878 4917 etiam,
902 4854 937 4906 ut
959 4843 1018 4907 hoc
1041 4845 1080 4907 sit
1102 4845 1133 4907 in
1156 4843 1286 4909 brachiis
1309 4845 1365 4909 ho-

1423 823 1486 888 Lin.
1504 821 1557 888 47.
1592 821 1629 887 ἐν
1644 817 1664 914 ᾗ
1677 821 1864 909 παρέλαβεν
1877 820 1935 909 την
1949 822 2118 906 βασιλείαν
2134 825 2225 909 νεαρὰ
2317 877 2319 880 .

1465 937 1524 1002 τοῦ
1537 937 1670 1021 πατρός,
1685 937 1874 1021 ἐπωνύμους
1888 940 2094 1023 νενομίκασιν
2108 937 2144 1002 ἐν
2155 948 2222 1014 τοϊς

1466 1048 1577 1135 ἱεροῖς,
1597 1057 1635 1114 αἳ
1648 1050 1687 1137 δὴ
1702 1051 1834 1117 πολλῶν
1849 1049 1991 1132 ἀγαθῶν
2006 1051 2141 1138 ἀρχηγοὶ
2156 1055 2222 1118 ποῖ-

1468 1168 1518 1232 σίν
1534 1167 1629 1243 εἰσιν,
1652 1166 1742 1246 ἄγειν
1756 1164 1814 1241 τὰς
1828 1164 1948 1253 ἡμέρας
1962 1167 2081 1243 ταύτας
2096 1164 2223 1254 ἑορτ[η“ν

1467 1286 1521 1345 καὶ
1543 1277 1724 1366 πανήγυριν
1746 1280 1782 1346 ἐν
1803 1290 1870 1357 τοῖς
1893 1281 1976 1346 κατὰ
1998 1281 2056 1368 τὴν
2079 1279 2154 1364 At]

1423 1970 1487 2035 Lin.
1504 1969 1558 2037 48.
1591 1971 1715 2052 γυπτον
1737 1968 1835 2057 ἱεροῖς
1857 1974 1939 2036 κατὰ
1961 1973 2049 2057 μῆνα
2072 1977 2126 2036 καί
2146 1989 2223 2038 συν-

1466 2084 1569 2151 τελεῖν
1591 2085 1628 2150 ἐν
1648 2083 1759 2161 αὐτοῖς
1780 2090 1901 2162 θυσίας
1923 2092 1978 2150 καὶ
2001 2084 2146 2161 σπονδὰς
2166 2093 2220 2150 καὶ

1464 2199 1569 2298 τᾶλλα
1599 2198 1640 2264 τὰ
1667 2200 1859 2287 νομιζόμενα
1888 2200 1982 2266 καθὰ
2008 2207 2063 2266 καὶ
2091 2201 2128 2266 ἒν
2154 2211 2221 2276 τοῖς

1465 2313 1580 2390 ἄλλαις
1590 2317 1815 2400 πανεγύρεσιν·
1831 2317 1889 2393 τὰς
1903 2341 1937 2380 τε
1952 2320 2122 2400 γινομένας
2137 2336 2219 2400 προ-

1464 2425 1523 2511 θί[
1530 2475 1712 2495 ............
1719 2441 1785 2507 τοῖς
1807 2430 1885 2514 πα-]

1420 2543 1484 2608 Lin.
1501 2543 1554 2610 49.
1589 2549 1774 2631 ρεχομένοις
1795 2545 1830 2612 ἐν
1852 2556 1919 2622 τοῖς
1939 2543 2050 2632 ἱεροῖς·
2074 2546 2165 2626 ἄγειν
2182 2544 2219 2609 δὲ

1463 2656 1576 2745 ἑορτὴν
1605 2666 1659 2724 καί
1689 2661 1868 2747 πανήγυριν
1896 2662 1939 2748 τῷ
1969 2661 2132 2748 αίιυνοβίεμ
2165 2665 2219 2724 καὶ

1462 2770 1657 2861 ἠγαπημένῳ
1685 2774 1749 2840 ὑπὸ
1776 2777 1835 2840 τοῦ
1857 2775 1941 2840 <Mei
1962 2774 2092 2858 βασιλεί
2110 2781 2217 2840 Πτο-

1466 2886 1616 2976 λεμαίῳ
1645 2891 1717 2976 θεῷ
1739 2888 1910 2977 'iimperat
1932 2889 2119 2978 Εὐχαρίστῳ
2147 2887 2218 2955 κατ’

1466 3000 1628 3086 λνι[αυτὸν
1649 3003 1694 3069 ἒν,
1706 3016 1773 3082 τοῖς
1795 3003 1893 3088 ἱεροῖς
1914 3005 1998 3070 κατὰ
2020 3002 2089 3091 την]

1421 3233 1486 3298 tto.
1500 3232 1552 3298 50.
1579 3234 1690 3318 χώραν
1705 3229 1770 3298 ἀπὸ
1785 3235 1839 3320 τῆς
1854 3238 2029 3322 νουμηνίας
2043 3236 2102 3299 τοῦ
2112 3234 2217 3299 &orii

1465 3345 1518 3434 ἐφ’
1536 3345 1655 3435 ἡμέρας
1676 3351 1786 3426 πέντε,
1808 3347 1845 3414 ἐν
1866 3346 1918 3425 αἱς
1940 3354 1995 3413 καὶ
2010 3365 2219 3436 στεφανηφο-

1465 3463 1616 3549 ρησουσιν
1631 3461 1855 3539 συντελοῦντες
1869 3468 1990 3540 θυσίας
2007 3470 2062 3529 καὶ
2077 3464 2220 3541 σπονδὰς

1464 3583 1518 3641 καί
1551 3577 1656 3642 τᾶλλα
1685 3577 1727 3643 τὰ
1764 3576 1974 3664 καθήκοντα·
2019 3598 2218 3665 προσαγορε-

1464 3689 1598 3775 [iaceas
1621 3693 1658 3758 δὲ
1679 3691 1754 3770 τοὺς
1780 3691 1875 3778 ἱερείς
1896 3694 1960 3758 τοῖν
1982 3691 2092 3762 ἄλλῶν
2113 3693 2216 3778 θεῶν]

1419 4039 1484 4103 Lin.
1501 4039 1554 4104 51.
1594 4045 1649 4103 καὶ
1676 4040 1734 4103 τοί·
1754 4043 1840 4104 θεοῦ
1855 4036 2055 4129 Ἐπιφανοῦς
2076 4037 2216 4126 Εὐχαρί-

1465 4169 1541 4218 στου
1563 4151 1657 4238 ἱερεϊς
1678 4153 1757 4238 πρὸς
1776 4164 1843 4230 τοϊς
1858 4154 1970 4230 ἄλλοις
1984 4151 2140 4238 ὀνόμασιν
2154 4156 2218 4221 τῶν

1465 4269 1570 4346 θεῶν,
1604 4264 1650 4334 niv
1678 4266 1890 4353 iepaeeeievm,
1918 4275 1972 4334 καί
2000 4274 2217 4354 καταχωρίσαι

1464 4385 1510 4458 τίς
1546 4384 1670 4459 πάντας
1706 4383 1781 4459 τοὺς
1815 4383 2053 4470 χρηματισμοὺς
2085 4391 2139 4450 καί
2172 4388 2217 4462 είς

1463 4498 1538 4576 τοὺς
1559 4498 1660 4583 ἄ[....
1664 4546 1782 4565 ........
1789 4497 1801 4582 l

1418 4615 1483 4681 Lin.
1497 4615 1550 4681 52.
1579 4613 1742 4700 ἱερατείαν
1756 4612 1870 4680 αὐτοῦ·
1893 4614 2015 4694 ἐξεῖναι
2030 4615 2068 4680 oe
2081 4622 2137 4680 nai
2150 4628 2217 4691 τοῖς

1463 4729 1576 4820 ἄλλοις
1598 4730 1741 4805 ίδιώταις
1764 4730 1854 4811 ἄγειν
1875 4728 1933 4817 τὴν
1954 4727 2067 4817 ἑορτὴν
2088 4737 2143 4796 καὶ
2159 4730 2217 4798 τὸν

1462 4849 1695 4932 προειρημένον
1710 4873 1711 4876 ’
1725 4845 1806 4912 ναὸν
1838 4842 2012 4931 ἱδρύεσθαι
2044 4852 2099 4910 καί
2131 4845 2217 4928 ἔχειν

562 5020 2214 5101 immfflmMmmmffimfflmwffmnmsspfflhmmmmmmmmm

562 5112 686 5182 scription
704 5127 815 5183 grccqnc
833 5111 865 5165 dc
883 5113 999 5166 Roeette.
1037 5113 1156 5178 Parisiis,
1176 5112 1246 5169 teto
1264 5134 1320 5188 pag.
1334 5113 1527 5171 36=adnotavit

675 5200 694 5268 ¹)
722 5197 762 5253 Gi.
782 5199 875 5253 librum
894 5219 979 5256 meum
999 5201 1029 5256 R.
1048 5219 1105 5274 pag.
1118 5199 1161 5256 39.
