4950 6436
983 699 984 702 Ν
1074 585 1100 673 9

262 839 401 890 summa
429 839 510 890 cum
536 813 704 890 facilitate
732 836 942 912 summaque
971 837 1049 888 cum
1078 813 1148 888 fide
1175 837 1319 889 sensum
1346 817 1396 890 ita
1422 818 1607 892 restituere
1633 841 1842 917 possumus:
1870 834 1912 896 et

262 960 413 1022 statua
441 946 510 1021 dei
537 947 754 1044 principis
783 945 858 1019 dat
875 948 913 1020 ei
931 944 1067 1020 telum
1086 945 1272 1036 (demotice
1292 942 1401 1047 s‘ops‘
1423 948 1651 1047 appellatum)
1670 953 1910 1041 victoriae,

262 1081 362 1178 cujus
396 1091 581 1178 postrema
603 1077 720 1152 verba
746 1076 852 1152 Philis
887 1075 1153 1176 hieroglyphice
1186 1077 1383 1152 redduntur
1414 1080 1540 1155 eodem
1567 1081 1675 1156 modo
1709 1083 1805 1157 crta
1838 1083 1915 1157 nol

263 1206 386 1309 s‘ops‘.
434 1211 514 1286 lam
544 1232 637 1307 quae
670 1211 716 1282 sit
743 1209 862 1306 opinio
890 1210 960 1283 viri
987 1208 1213 1283 eruditissimi
1239 1222 1348 1309 atque
1375 1209 1571 1287 doctissimi
1596 1214 1744 1311 Lepsii
1772 1213 1912 1290 dehoc

262 1343 432 1418 universo
461 1353 565 1416 sexto
589 1363 700 1414 versu
727 1339 984 1439 hieroglyphiei
1012 1339 1166 1438 exempli
1193 1342 1223 1414 si
1251 1343 1472 1440 quaerimus,
1499 1345 1530 1418 is
1558 1343 1742 1443 disputans
1770 1345 1911 1421 deloco

264 1474 319 1549 die
348 1471 492 1560 darauf,
520 1473 652 1570 inquit,
678 1471 1123 1570 folgendeBestimmuug,
1151 1470 1229 1546 dass
1258 1472 1339 1547 dem
1357 1473 1558 1573 Epiphanes
1577 1477 1612 1549 in
1627 1476 1746 1572 jedem
1765 1477 1913 1577 Tempel

264 1606 340 1680 eine
367 1603 593 1700 Darstellung
629 1602 826 1701 gewidmet
851 1602 1001 1678 werden
1029 1602 1115 1692 soll,
1149 1604 1184 1677 in
1213 1603 1373 1680 welcher
1401 1605 1464 1680 der
1489 1609 1689 1706 Hauptgott
1716 1607 1779 1683 des
1806 1611 1912 1685 Tem-

262 1737 339 1835 pels
368 1735 448 1811 dem
468 1736 608 1833 lldnige
636 1733 692 1808 die
711 1734 947 1832 Siegeswalle
976 1734 1170 1824 darreicht,
1197 1735 1287 1833 folgt
1314 1736 1404 1811 auch
1432 1739 1467 1812 iu
1486 1737 1623 1827 Philae3
1651 1738 1743 1814 doch
1762 1740 1911 1816 werden

264 1868 339 1942 hier
374 1867 466 1941 noch
499 1841 595 1940 awai
628 1866 777 1954 audere,
812 1890 943 1964 wegeu
979 1866 1042 1940 der
1069 1867 1352 1967 Zerstiickelung
1386 1868 1480 1942 nieht
1514 1895 1558 1944 zu
1593 1870 1819 1946 erkennende
1847 1872 1913 1948 Be-

264 2001 500 2097 stimmungeu
527 1997 777 2096 hinzugehigt,
805 1996 974 2072 welche
1000 1996 1128 2073 heide
1156 1998 1225 2074 die
1253 2000 1497 2098 Kleopatra
1522 2002 1707 2090 hetreffen,
1735 2003 1809 2078 und
1827 2004 1912 2079 dhn-

263 2130 378 2206 lichen
405 2130 557 2205 lnhaltes
586 2130 659 2204 sein
689 2136 852 2217 mussan,
879 2129 966 2204 weil
993 2128 1149 2229 sogleich
1178 2130 1270 2204 auch
1297 2132 1372 2206 wie
1399 2133 1432 2205 in
1462 2132 1525 2207 der
1550 2133 1714 2209 lnschrift
1740 2160 1814 2210 vnn
1841 2137 1913 2210 Ro-

266 2274 355 2338 sette
382 2261 618 2360 hinzugefiigt
641 2260 753 2336 wird:
783 2261 860 2336 dass
888 2262 980 2335 auch
1008 2261 1063 2336 die
1090 2261 1224 2335 andern
1244 2263 1472 2352 Gehrhuche,
1498 2265 1638 2341 welche
1667 2264 1735 2340 deu
1761 2267 1913 2366 iihrigen

265 2397 411 2471 Gdttem
439 2395 474 2468 in
503 2392 570 2469 deu
599 2393 821 2492 Panegyrien
849 2394 1051 2491 gehiihren,
1078 2394 1139 2468 hei
1166 2393 1286 2468 diesen
1306 2393 1446 2468 Bildern
1475 2395 1593 2471 erldllt
1611 2397 1760 2471 werden
1789 2399 1912 2473 solleu.

265 2528 362 2602 llaec
388 2526 463 2601 lere
491 2539 573 2601 sunt
600 2526 767 2624 opinante
793 2526 970 2624 Lepsio,
1005 2549 1098 2624 quae
1126 2548 1218 2599 unus
1244 2547 1374 2599 versus
1402 2539 1437 2601 et
1464 2526 1628 2603 dimidius
1656 2527 1913 2629 hieroglyphiei

267 2657 420 2757 exempli
447 2657 688 2756 amplectitur,
721 2680 873 2755 quorum
901 2633 967 2730 nos
996 2657 1060 2731 vix
1088 2681 1195 2730 unam
1221 2649 1349 2732 lineam
1377 2658 1670 2732 examinavimus.
1725 2662 1912 2759 Lepsius

266 2791 375 2890 igitur
402 2814 512 2888 quum
547 2790 733 2888 ignorasse
760 2787 926 2864 videatur
958 2812 1029 2862 uon
1057 2812 1136 2863 esse
1163 2787 1406 2863 Ptolemaeum
1434 2789 1498 2863 sed
1526 2787 1767 2888 Cleopatram,
1802 2816 1913 2890 quare

210 2923 218 2954 ‘
267 2923 372 2997 ctiam
406 2923 505 3021 prior
538 2922 681 3009 citatur,
716 2921 772 2994 cui
806 2918 920 2993 honos
955 2918 1087 2994 decreti
1120 2920 1242 3008 fuerit,
1276 2944 1348 2995 non
1385 2922 1512 2995 mirum
1547 2934 1602 2995 est
1635 2921 1735 3020 quod
1766 2923 1913 2998 eandem

192 3043 197 3050 ’
268 3079 341 3129 rem
378 3054 422 3129 de
460 3051 708 3128 constituenda
743 3053 895 3149 imagine
922 3051 1126 3126 Ptolemaeo
1160 3053 1253 3148 regi,
1295 3053 1355 3150 qui
1389 3065 1526 3127 tantum
1561 3052 1676 3127 obiter
1702 3055 1914 3144 nominatur,

267 3199 374 3285 atque
401 3187 436 3259 in
463 3185 580 3283 lapide
599 3184 796 3260 Rosettano
824 3183 894 3280 legi
921 3195 1031 3282 putat.
1077 3182 1212 3280 Quodsi
1239 3182 1365 3257 deinde
1382 3196 1628 3281 argumentum
1649 3187 1914 3262 acuratissimae

268 3318 538 3416 conspirationis
566 3315 785 3390 mouumenti
811 3314 984 3390 Philensis
1013 3338 1092 3388 cum
1120 3291 1282 3389 basanite
1309 3315 1507 3391 Rosettano
1536 3315 1650 3404 ducit,
1678 3341 1787 3416 quum
1815 3344 1916 3394 arma

267 3450 427 3525 victricia
459 3449 494 3523 in
529 3461 680 3546 utraque
712 3447 941 3546 inscriptione
975 3459 1230 3521 memorentur:
1266 3471 1332 3522 uos
1365 3446 1435 3522 fine
1462 3470 1590 3522 versus
1626 3450 1719 3522 sexti
1752 3465 1914 3549 respecto

268 3583 436 3657 docemur
472 3578 567 3655 hunc
601 3578 752 3654 eundem
792 3577 910 3653 locum
945 3602 1024 3651 cum
1060 3577 1130 3652 alio
1163 3578 1272 3676 paulo
1306 3577 1398 3652 iufra
1431 3579 1661 3653 memorando
1695 3579 1776 3654 loco
1809 3607 1914 3680 argu-

268 3727 387 3790 mento
420 3713 636 3811 gravissimo
677 3734 757 3785 esse
792 3723 917 3785 contra
951 3710 1247 3807 conspirationem
1283 3708 1434 3783 duorum
1468 3723 1787 3784 monumentorum.
1842 3713 1913 3788 Res

268 3849 361 3924 euim
394 3847 443 3919 ita
477 3842 660 3936 sehabet.
715 3843 886 3917 Extrema
918 3840 1011 3916 linea
1044 3864 1155 3940 quum
1189 3839 1358 3914 exhibeat
1384 3841 1499 3915 verba
1525 3854 1572 3915 ut
1599 3854 1666 3915 est
1694 3854 1914 3918 statutum

269 3977 516 4056 secundum
551 3975 774 4050 decretum
806 3973 973 4048 factum
1002 3997 1024 4047 a
1051 3970 1369 4047 sacerdotibus
1396 3973 1437 4046 in
1466 3971 1672 4047 domibus
1699 3975 1913 4052 veritatis

252 4101 401 4204 'launo
429 4109 514 4200 tx),
542 4132 697 4207 quocum
726 4107 888 4204 congruit
914 4105 1067 4180 formula
1095 4127 1284 4178 occurrens
1312 4104 1347 4177 iu
1375 4102 1493 4178 medio
1523 4127 1630 4178 versu
1658 4105 1734 4180 Xlll
1761 4108 1914 4207 exempli

269 4242 434 4320 demotici
466 4264 532 4315 nec
566 4264 638 4313 non
671 4239 762 4314 tituli
796 4236 1054 4335 hieroglyphiei
1090 4249 1190 4336 parte
1226 4259 1383 4334 congrua
1418 4236 1485 4328 (ut
1518 4238 1813 4312 coustitutum
1849 4253 1915 4315 est

271 4373 511 4454 secundum
547 4371 774 4446 decretum
808 4371 972 4446 factum
1007 4393 1028 4442 a
1062 4367 1398 4460 sacerdotibus)
1432 4392 1547 4443 auno
1581 4369 1651 4444 lX:
1690 4369 1807 4446 lacere
1843 4397 1913 4447 non

268 4529 460 4611 possumus
496 4503 581 4604 quin
622 4525 797 4602 ponamus
838 4501 904 4575 hos
945 4501 1042 4575 solos
1082 4499 1201 4589 locos,
1242 4502 1303 4598 qui
1341 4500 1559 4599 praecedunt
1598 4500 1770 4576 formulas
1806 4504 1914 4578 modo

269 4641 483 4725 nominatae,
511 4636 720 4734 desumptos
749 4657 828 4710 esse
856 4659 903 4708 ex
931 4633 1156 4732 inscriptione
1175 4633 1380 4707 Rosettaua.
1427 4633 1479 4706 lta
1505 4632 1703 4731 explicatur
1729 4635 1914 4709 res'aliter

269 4771 452 4850 offendens
480 4766 660 4842 decretum
687 4766 733 4841 ad
753 4765 976 4865 Cleopatram
1003 4767 1161 4864 reginam
1188 4767 1368 4862 pertinens
1397 4763 1440 4838 de
1468 4765 1575 4839 armis
1604 4776 1639 4839 et
1665 4765 1793 4863 insigni
1820 4767 1912 4864 regis

269 4901 459 4983 Ptolemaei
483 4899 593 5000 loqui.

373 5037 455 5111 lam
480 5035 515 5107 in
545 5031 793 5131 comparandis
822 5029 964 5105 duobus
990 5028 1099 5105 titulis
1127 5053 1197 5103 non
1226 5029 1378 5128 amplius
1404 5029 1682 5128 progrediamur,
1712 5052 1821 5125 quum
1849 5053 1914 5126 per

269 5195 307 5247 se
333 5179 470 5269 pateat,
498 5163 592 5240 unde
619 5185 815 5238 consensus
842 5163 1127 5238 accuratissimus
1152 5160 1270 5235 multis
1297 5161 1383 5234 locis
1412 5162 1457 5236 sit
1476 5159 1716 5259 explicandus.
1759 5161 1912 5235 Tantum

1576 5293 1594 5347 2
